4298 5952
666 405 759 524 278
875 417 894 524 j
967 421 997 508 j
1056 379 1428 544 [Vasa
1518 311 1595 391 ¹⁷

433 629 749 753 Prugraffits'dus
763 653 898 723 tamen
916 633 1129 744 incedendi
1145 625 1429 743 chyliserorum
1452 629 1495 716 in
1526 607 1827 723 immiserat
1856 653 1930 720 no-

438 769 605 884 chylr'fcr.
678 787 739 855 tus
757 789 819 874 aut
835 793 1046 881 perperam
1064 763 1280 875 descriptus
1294 762 1366 853 est.
1384 757 1538 848 Praeter
1547 717 1744 887 genersles
1770 659 1936 850 uscul-

412 989 414 994 ,
436 899 572 1012 verfirr
589 925 650 1008 re·
682 893 877 1010 tates,quae
889 897 1094 986 ordinarie
1109 897 1310 1000 inhorum
1328 883 1936 980 dtuiuumadminillrationeob

366 1086 372 1092 -
440 1044 586 1145 ceptae.
684 1027 813 1133 stant,
832 1017 991 1114 'nouum
1017 1027 1350 1136 impedimentum
1375 1019 1438 1142 hic
1455 1021 1682 1136 suggeritur
1708 1049 1733 1106 a
1761 1024 1938 1133 partium

677 1157 1109 1267 superincumbentium
1134 1151 1394 1247 molestosrtu
1426 1215 1438 1259 ,
1472 1153 1515 1236 &
1542 1151 1723 1264 facilitate
1747 1139 1934 1258 laefiouis,

675 1313 763 1400 quae
780 1287 837 1370 ob
854 1286 1132 1374 incredibilem
1152 1283 1378 1394 implexum
1392 1280 1580 1402 sunulque
1606 1280 1849 1393 profimdam
1863 1281 1937 1366 im-

550 1478 553 1484 ·
670 1417 910 1530 mersionem
934 1419 1213 1526 raritatemque
1238 1409 1494 1515 uascrrlorum
1520 1411 1680 1518 chylum
1700 1411 1940 1516 vehentium,

358 1659 362 1668 ,
587 1585 598 1596 ·
665 1548 729 1630 <uti
744 1546 911 1651 evitari,
940 1547 993 1629 ita
1009 1542 1191 1655 reparari
1212 1541 1286 1624 uix
1304 1541 1453 1662 potest.
1528 1538 1647 1629 Hisce
1669 1563 1752 1624 non
1776 1540 1933 1626 obstan·

376 1685 386 1697 '
450 1661 457 1674 ’
524 1721 528 1728 x
667 1675 771 1760 tibus
792 1737 803 1778 ,
822 1695 1017 1784 optatum
1034 1694 1172 1758 tamen
1186 1666 1400 1756 successum
1424 1671 1464 1753 in
1488 1667 1615 1756 hacce
1634 1666 1784 1757 difficili
1808 1668 1933 1754 aduri-

670 1805 900 1890 niilratione
917 1787 1124 1887 obtinuisse
1139 1799 1257 1884 uobis
1274 1797 1348 1882 uili
1366 1797 1508 1889 sumus.
1572 1796 1725 1885 Praeter
1742 1797 1851 1883 usum
1869 1823 1939 1884 no·

673 1931 825 2040 bilem,
860 1957 981 2044 quem
1004 1931 1189 2042 prestare
1217 1929 1390 2014 diximus
1421 1926 1622 2012 laudabam
1650 1923 1937 2038 chyliferorum

620 2143 624 2152 ,
676 2061 908 2149 concausam
962 2061 1053 2146 alius
1095 2083 1180 2148 non
1225 2054 1583 2169 praetermittendus
1625 2055 1684 2142 est
1725 2109 1739 2162 ,
1795 2054 1942 2143 scilicet

676 2177 859 2277 reduslio'
877 2189 1163 2300 chyliserocum
1177 2187 1227 2272 ad
1248 2187 1451 2272 minorem
1467 2186 1676 2274 numerum
1695 2215 1709 2292 3
1735 2211 1830 2271 uam
1850 2187 1941 2296 chy.

680 2318 765 2408 lum
783 2347 857 2431 per
871 2339 937 2404 tot
953 2307 1155 2402 distinctos
1169 2321 1211 2403 ἃ
1229 2317 1437 2404 disiunctos
1451 2313 1696 2400 canaliculos
1721 2316 1763 2398 in
1779 2313 1940 2408 matiam

681 2431 937 2553 sanguineam
950 2445 1160 2534 difficulter
1176 2448 1335 2558 ingredi
1350 2445 1481 2559 polle,
1513 2441 1595 2555 ipsa
1607 2446 1712 2530 ratio
1726 2447 1767 2529 lit
1783 2465 1942 2530 cetero-

682 2601 774 2666 rum
789 2577 975 2662 vasorum
992 2578 1100 2684 leges
1116 2573 1361 2685 persuadent
1426 2573 1550 2686 igitur
1573 2596 1783 2684 numerum
1804 2571 1936 2680 chyli-

451 2740 598 2836 ΕΜ
680 2705 864 2792 ferorum
880 2707 1060 2822 inunipui
1077 2709 1117 2791 &
1130 2706 1295 2811 reduci,
1319 2729 1462 2791 eorum
1480 2725 1625 2790 contra
1639 2701 1940 2814 ‘amplitudinem

452 2875 616 2963 redum,
684 2839 818 2948 augeri
834 2834 1326 2922 omninoconcedendum
1345 2834 1415 2918 est.
1476 2831 1617 2946 Miffis,
1643 2831 1943 2943 quasuperhoc

453 3005 634 3092 adnm„
687 2989 885 3070 numero,
913 2966 1076 3072 auariis
1097 2962 1396 3076 protectoribus
1413 2962 1607 3074 ditdgata
1621 2949 1727 3066 sunt,
1762 2987 1824 3064 ea,
1851 2949 1962 3078 pro-7

451 3163 536 3224 rum
555 3137 636 3252 qui„
690 3114 735 3179 ut
759 3093 876 3179 nobis
903 3093 1037 3178 oblata
1057 3089 1171 3196 sunt,
1197 3100 1332 3206 paucis
1356 3090 1589 3206 describam
1643 3089 1717 3178 Uti
1727 3089 1954 3199 chylifero,

451 3267 618 3358 murm.
688 3247 780 3310 rum
797 3248 984 3310 nurnerus
996 3223 1046 3308 ad
1058 3213 1247 3308 unitate'm
1262 3222 1303 3308 se
1318 3221 1456 3309 reduci
1474 3245 1557 3306 non
1577 3219 1758 3332 patitur,
1794 3219 1850 3306 ita
1868 3247 1944 3306 nu·

558 3398 563 3422 ·
689 3359 847 3438 merum
863 3353 1082 3463 quinarium
1098 3377 1145 3438 ea
1159 3354 1357 3438 excedere
1371 3375 1570 3462 nunquam
1584 3349 1799 3438 obseruare
1814 3352 1944 3460 potui:

425 3578 427 3586 J
455 3473 561 3578 Tala
588 3509 658 3580 12.
688 3481 949 3599 Quamquam
963 3481 1087 3567 lusum
1106 3481 1146 3566 in
1162 3481 1273 3568 hisce
1288 3484 1387 3569 uasis
1410 3483 1500 3566 fieri
1518 3481 1753 3583 concedam,
1774 3483 1946 3592 quinque

456 3613 541 3730 Fig.
570 3643 609 3713 1.
686 3629 878 3719 perpetuo
898 3608 1049 3694 uasa-in
1063 3611 1317 3697 cadaveribus
1334 3612 1500 3698 adhunc
1519 3611 1645 3696 finem
1665 3609 1820 3716 incisis,
1850 3633 1939 3694 ver-

453 3746 664 3864 N.1.2.3.
689 3736 748 3822 sus
763 3739 1058 3849 receptaculum
1076 3743 1354 3827 contendentis
1378 3743 1486 3826 clare
1510 3743 1552 3826 ἃ
1570 3741 1938 3827 distincienumera-

454 3897 499 4000 4.
526 3895 562 3995 5.
597 3871 601 3874 ’
656 3919 661 3935 ·
691 3869 761 3952 vi:
789 3863 871 3952 Sed
899 3867 1123 3953 cauendum
1148 3869 1244 3963 esta
1261 3871 1436 3980 lymphae
1454 3869 1628 3958 drufibus
1650 3922 1664 3973 ‚
1683 3867 1836 3990 nehus
1853 3889 1954 3950 cum*

691 3995 769 4081 illis
790 3996 1079 4084 consrmdamus
1102 3995 1144 4083 δι
1166 3998 1219 4083 src
1243 3996 1528 4111 chyliserorum
1557 3987 1766 4085 numerum
1793 4017 1946 4082 tentem

690 4149 919 4235 augeamus,
980 4121 1106 4242 Quod
1119 4151 1259 4212 eorum
1284 4129 1599 4242 magnitudinem
1624 4128 1790 4242 attinet,
1822 4148 1948 4209 exce·

588 4303 590 4306 -
636 4341 638 4346 ,
686 4271 759 4361 pto
781 4277 862 4334 uno
881 4252 993 4361 quod
1011 4257 1190 4362 capacius
1207 4257 1287 4362 est,
1315 4260 1506 4371 aequalem
1528 4259 1629 4342 inter
1653 4255 1692 4340 se
1714 4256 1947 4367 proportio-

658 4473 661 4481 ,
684 4403 780 4466 uem
797 4377 1006 4490 obtinent,
1035 4383 1216 4496 adeoque
1233 4411 1258 4478 a
1276 4389 1400 4496 uafis,
1428 4415 1517 4504 quae
1535 4403 1729 4474 uocantur
1749 4385 1869 4496 primi
1880 4406 1948 4493 ge·
