4352 5962
515 575 519 580 -
592 439 599 450 ῃ
672 485 1004 614 HISTORIA.
1388 535 1477 642 375
1537 541 1539 549 ’

221 787 271 851 re
286 757 445 874 premi,
474 759 706 872 plerumque
723 761 912 874 vigilare3
939 761 1091 848 dextro
1109 759 1261 852 lemine
1273 817 1285 868 ,
1311 759 1479 852 dextro·

205 906 302 1006 ¹que
321 915 435 976 crure
454 889 728 1002 interdumque
744 891 954 978 resolutam
972 894 1116 1001 rideri,
1139 879 1233 978 inde
1242 893 1279 978 se
1290 894 1480 980 dextror-

221 1025 330 1125 sum,
355 1020 684 1132 finistrorsumque
704 1013 903 1106 violenter
920 1047 1157 1109 convertere
1174 1029 1337 1128 3uarios
1358 1047 1487 1136 appo-

129 1185 132 1190 ·
223 1155 317 1242 utos
334 1149 444 1234 cibos
462 1154 729 1264 potionesque
744 1150 898 1238 sunmo
916 1153 1070 1238 fastidio
1088 1153 1253 1242 habere:
1269 1156 1354 1240 haee
1374 1219 1387 1260 ,
1420 1156 1481 1238 in·

223 1272 366 1398 qtram,
387 1278 746 1394 atquehissrmilia,
775 1279 976 1396 virginem
993 1287 1165 1370 nostram
1186 1281 1485 1370 vehementillr·

224 1423 294 1500 'me
312 1439 365 1500 ex
381 1415 502 1496 vulva
521 1411 818 1512 laborarehaud
832 1413 998 1500 obscure
1017 1416 1231 1507 declarant.
1298 1411 1489 1532 Quodad

225 1544 406 1645 abditas,
441 1543 764 1654 continentesque
783 1544 1009 1628 huiusmodi
1025 1545 1161 1628 morbi
1182 1542 1312 1660 causas
1333 1539 1485 1631 attinet:
1606 1563 1608 1570 ‘

224 1669 426 1761 invisibilis
447 1670 562 1755 fluidi
575 1699 629 1758 ex
644 1671 841 1775 cerebro,
863 1697 910 1772 ac
929 1673 1132 1760 cerebello
1149 1675 1294 1778 euntis,
1313 1673 1484 1759 redeun-

221 1809 353 1917 tisque
368 1799 577 1907 particulas
594 1806 636 1886 in
651 1800 934 1902 vehementes,
957 1805 1206 1914 ditlpnosque
1224 1804 1376 1897 reditus
1394 1825 1488 1890 mo-

224 1955 288 2022 tus
306 1936 460 2020 summa
474 1932 657 2018 moestin'a
681 1957 704 2016 a
729 1933 963 2044 primordiis
987 1932 1124 2021 morbi
1141 1961 1214 2018 una
1242 1957 1336 2019 cum
1358 1933 1490 2018 nervis

219 2083 307 2152 tum
328 2065 370 2150 in
389 2063 618 2168 exteriora,
651 2081 733 2148 tum
753 2066 794 2148 in
817 2065 1014 2174 penitiora
1033 2065 1223 2173 corporis
1245 2117 1257 2165 ,
1284 2065 1325 2149 dt
1343 2063 1384 2146 in
1401 2078 1491 2148 ute·
1568 2058 1575 2065 ’

222 2219 312 2282 rum
333 2193 537 2300 praecipue
555 2191 825 2304 finitimasque
850 2214 986 2305 partes
1016 2193 1302 2302 pertinentibus
1327 2209 1488 2302 repente

223 2328 326 2412 aetas
346 2321 426 2407 elle
442 2323 697 2410 coniecerim.
739 2321 990 2408 Increscente
1008 2324 1150 2410 deinde
1163 2323 1355 2435 paulatim
1371 2345 1486 2409 mor-

223 2454 305 2562 bo,
328 2451 642 2540 continuantibus
659 2454 902 2572 net'veorum
924 2453 1231 2540 filamentorum.
1254 2477 1328 2566 pet
1349 2451 1487 2538 thora·
1586 2463 1591 2470 ’

224 2611 351 2690 cem,
380 2610 426 2669 ac
453 2601 637 2672 uentrem
659 2581 970 2672 discurrentium
986 2584 1323 2671 contractionibus
1337 2581 1491 2694 separa·

223 2717 402 2816 tionum,
432 2719 800 2825 excretionumque
836 2716 1056 2800 fluidorum
1089 2714 1286 2797 naturales
1308 2714 1419 2822 leges
1434 2713 1494 2796 ite

213 2845 387 2958 'coepille
399 2847 622 2956 praccipites
642 2847 774 2931 donec
791 2842 842 2929 ad
859 2841 1039 2927 omnium
1055 2867 1176 2952 pene,
1201 2841 1324 2950 quiin
1351 2842 1492 2925 nostro
1613 2917 1618 2926 .

224 2961 511 3090 corpore'sunt
529 2974 745 3064 humorum
775 2969 1091 3084 supprelbones‚
1129 2963 1494 3058 imminutasve'se·
1589 2987 1594 2993 ’

224 3109 425 3190 cretiones
441 3125 683 3214 perventum
703 3106 764 3198 stt,
800 3099 880 3188 Ad
898 3101 986 3186 bae
1002 3103 1156 3215 ingenti
1178 3089 1383 3189 aerearum
1402 3127 1494 3208 par-

222 3235 432 3322 ticularum
452 3237 850 3348 copia,animantium
864 3233 1065 3344 spirituum
1088 3234 1237 3342 impetu
1259 3283 1271 3334 ,
1293 3231 1494 3319 acredine?

224 3392 300 3482 que
319 3359 425 3476 (quae
445 3363 609 3480 longaln
639 3365 912 3452 abstinentiam
932 3362 1040 3472 'sequi
1069 3357 1288 3473 consuevit)
1314 3344 1370 3446 ex
1386 3375 1490 3443 arte-

223 3497 372 3584 riarum
391 3490 441 3575 ad
456 3491 729 3600 ventriculum,
738 3495 943 3597 intestina,
967 3495 1091 3597 iecur,
1109 3489 1303 3600 splenem,
1321 3511 1495 3597 uterum,

223 3624 490 3740 peritonteum
510 3621 785 3738 spectantium,
816 3626 964 3710 arteriis
981 3621 1124 3730 reliqui
1144 3605 1332 3732 corporis
1346 3617 1403 3702 ob
1426 3643 1509 3702 ue·-

204 3755 432 3844 ..trementes
450 3816 462 3856 ,
479 3756 519 3840 in
536 3780 667 3869 quasa
686 3756 822 3840 morbi
839 3755 975 3864 utique
990 3752 1226 3866 primordiis
1246 3750 1496 3836 continenter

226 3905 417 3997 aguntur,
446 3881 885 3978 distraecionesforfitan
901 3885 1108 3968 laniorum
1129 3907 1140 3966 τ
1161 3907 1213 3967 ex
1228 3877 1400 3985 harun,
1429 3878 1490 3962 in·
1598 3918 1604 3935 r

226 4044 350 4130 quam
371 4017 605 4102 arteriarum
621 4016 804 4130 sanguine
820 4014 1005 4124 expulsa,
1025 4015 1144 4120 inque
1163 4035 1304 4098 earum
1322 4008 1498 4119 partium

225 4151 323 4236 smus
346 4144 393 4232 ac
432 4171 572 4235 caveas
597 4173 848 4260 nequaquam
868 4145 1087 4231 resistentes
1110 4139 1331 4252 compulsa,
1343 4135 1501 4222 univer·
1579 4217 1584 4226 .

223 4275 310 4365 sum
326 4301 430 4384 pene
445 4298 631 4363 ventrem
644 4276 907 4364 vehementer
926 4276 1146 4376 intentum,
1177 4274 1218 4356 δι
1234 4264 1500 4354 ventriculum

223 4408 387 4494 adeam
415 4405 689 4494 distentionem
714 4407 919 4495 redediam
948 4404 1057 4510 elle,
1092 4419 1134 4487 ut
1157 4400 1355 4486 motiones
1374 4395 1425 4482 ad
1438 4394 1500 4502 sa·
1604 4403 1635 4428 ’·
1672 4423 1674 4428 ·

225 4561 341 4628 mem
362 4535 641 4646 excitandam,
662 4539 920 4646 retinendos,
963 4531 1364 4646 concoquendosque
1383 4523 1499 4610 cibos

728 4687 732 4694 .
944 4689 955 4716 ,
1420 4675 1497 4771 Pet
