<?xml version="1.0" encoding="UTF-8"?>
<!DOCTYPE html PUBLIC "-//W3C//DTD XHTML 1.0 Transitional//EN"
    "http://www.w3.org/TR/xhtml1/DTD/xhtml1-transitional.dtd">
<html xmlns="http://www.w3.org/1999/xhtml" xml:lang="en" lang="en">
 <head>
  <title>
</title>
<meta http-equiv="Content-Type" content="text/html;charset=utf-8" />
  <meta name='ocr-system' content='tesseract 3.04.00' />
  <meta name='ocr-capabilities' content='ocr_page ocr_carea ocr_par ocr_line ocrx_word'/>
</head>
<body>
  <div class='ocr_page' id='page_1' title='image "./commentariiacad02sssrgoog_0040.png"; bbox 0 0 4376 5952; ppageno 0'>
   <div class='ocr_carea' id='block_1_1' title="bbox 505 441 1662 634">
    <p class='ocr_par' dir='ltr' id='par_1_1' title="bbox 505 441 1662 634">
     <span class='ocr_line' id='line_1_1' title="bbox 505 441 1662 634; baseline 0.001 -23"><span class='ocrx_word' id='word_1_1' title='bbox 505 497 802 612; x_wconf 73' lang='lat' dir='ltr'>rtnrurr</span> <span class='ocrx_word' id='word_1_2' title='bbox 833 493 1256 606; x_wconf 80' lang='lat' dir='ltr'>tortorum</span> <span class='ocrx_word' id='word_1_3' title='bbox 1465 441 1561 634; x_wconf 62' lang='grc' dir='ltr'>ἰς’</span> <span class='ocrx_word' id='word_1_4' title='bbox 1653 483 1662 494; x_wconf 84' lang='grc'><strong>’</strong></span> 
     </span>
    </p>
   </div>
   <div class='ocr_carea' id='block_1_2' title="bbox 121 737 1762 4586">
    <p class='ocr_par' dir='ltr' id='par_1_2' title="bbox 121 737 1762 4586">
     <span class='ocr_line' id='line_1_2' title="bbox 274 737 1660 856; baseline 0 -24"><span class='ocrx_word' id='word_1_5' title='bbox 274 739 402 851; x_wconf 79' lang='lat' dir='ltr'>clere,</span> <span class='ocrx_word' id='word_1_6' title='bbox 417 737 1533 856; x_wconf 77' lang='lat' dir='ltr'>limrrnamrelistmdarumcorporiascendentilirperan-</span> <span class='ocrx_word' id='word_1_7' title='bbox 1656 739 1660 758; x_wconf 79' lang='lat'>‘</span> 
     </span>
     <span class='ocr_line' id='line_1_3' title="bbox 280 869 1575 986; baseline 0.002 -27"><span class='ocrx_word' id='word_1_8' title='bbox 280 876 428 972; x_wconf 88' lang='lat' dir='ltr'>darum</span> <span class='ocrx_word' id='word_1_9' title='bbox 442 875 758 986; x_wconf 81' lang='lat' dir='ltr'>optimeexponi</span> <span class='ocrx_word' id='word_1_10' title='bbox 768 869 998 982; x_wconf 72' lang='lat' dir='ltr'>persad&#39;rum</span> <span class='ocrx_word' id='word_1_11' title='bbox 1017 871 1472 984; x_wconf 83' lang='lat' dir='ltr'>exaltitudineasceusus</span> <span class='ocrx_word' id='word_1_12' title='bbox 1489 877 1534 960; x_wconf 92' lang='lat' dir='ltr'>in</span> <span class='ocrx_word' id='word_1_13' title='bbox 1568 949 1575 962; x_wconf 93' lang='lat'><strong>.</strong></span> 
     </span>
     <span class='ocr_line' id='line_1_4' title="bbox 268 1001 1536 1118; baseline 0.002 -32"><span class='ocrx_word' id='word_1_14' title='bbox 268 1006 441 1116; x_wconf 90' lang='lat' dir='ltr'>pondus</span> <span class='ocrx_word' id='word_1_15' title='bbox 463 1007 676 1114; x_wconf 80' lang='lat' dir='ltr'>corporis3</span> <span class='ocrx_word' id='word_1_16' title='bbox 691 1006 734 1088; x_wconf 75' lang='grc' dir='ltr'>δι</span> <span class='ocrx_word' id='word_1_17' title='bbox 752 1027 845 1084; x_wconf 91' lang='lat' dir='ltr'>cum</span> <span class='ocrx_word' id='word_1_18' title='bbox 862 1001 1262 1088; x_wconf 83' lang='lat' dir='ltr'>haccrefiiientiarum</span> <span class='ocrx_word' id='word_1_19' title='bbox 1278 1001 1536 1118; x_wconf 72' lang='lat' dir='ltr'>summalper</span> 
     </span>
     <span class='ocr_line' id='line_1_5' title="bbox 275 1130 1531 1246; baseline 0 -30"><span class='ocrx_word' id='word_1_20' title='bbox 275 1131 460 1242; x_wconf 86' lang='lat' dir='ltr'>superius</span> <span class='ocrx_word' id='word_1_21' title='bbox 483 1130 618 1246; x_wconf 71' lang='lat' dir='ltr'>disti)</span> <span class='ocrx_word' id='word_1_22' title='bbox 650 1134 696 1217; x_wconf 77' lang='lat' dir='ltr'>si</span> <span class='ocrx_word' id='word_1_23' title='bbox 721 1135 910 1242; x_wconf 84' lang='lat' dir='ltr'>corp&#39;oris</span> <span class='ocrx_word' id='word_1_24' title='bbox 931 1131 1045 1216; x_wconf 89' lang='lat' dir='ltr'>initio</span> <span class='ocrx_word' id='word_1_25' title='bbox 1075 1130 1250 1216; x_wconf 90' lang='lat' dir='ltr'>ascensus</span> <span class='ocrx_word' id='word_1_26' title='bbox 1274 1133 1437 1243; x_wconf 78' lang='lat' dir='ltr'>aequalis</span> <span class='ocrx_word' id='word_1_27' title='bbox 1460 1130 1531 1235; x_wconf 84' lang='lat' dir='ltr'>stt,</span> 
     </span>
     <span class='ocr_line' id='line_1_6' title="bbox 277 1257 1534 1374; baseline -0.002 -28"><span class='ocrx_word' id='word_1_28' title='bbox 277 1263 425 1374; x_wconf 87' lang='lat' dir='ltr'>liquet,</span> <span class='ocrx_word' id='word_1_29' title='bbox 444 1261 549 1347; x_wconf 89' lang='lat' dir='ltr'>banc</span> <span class='ocrx_word' id='word_1_30' title='bbox 565 1261 691 1372; x_wconf 81' lang='lat' dir='ltr'>ipsam</span> <span class='ocrx_word' id='word_1_31' title='bbox 708 1263 795 1346; x_wconf 82' lang='lat' dir='ltr'>rim</span> <span class='ocrx_word' id='word_1_32' title='bbox 811 1262 948 1353; x_wconf 76' lang='lat' dir='ltr'>rivam</span> <span class='ocrx_word' id='word_1_33' title='bbox 962 1257 1269 1346; x_wconf 80' lang='lat' dir='ltr'>mensurandam</span> <span class='ocrx_word' id='word_1_34' title='bbox 1281 1259 1534 1370; x_wconf 83' lang='lat' dir='ltr'>ellepcrhoc</span> 
     </span>
     <span class='ocr_line' id='line_1_7' title="bbox 273 1385 1533 1500; baseline -0.003 -24"><span class='ocrx_word' id='word_1_35' title='bbox 273 1389 425 1476; x_wconf 67' lang='lat' dir='ltr'>fadum</span> <span class='ocrx_word' id='word_1_36' title='bbox 440 1417 494 1478; x_wconf 83' lang='lat' dir='ltr'>ex</span> <span class='ocrx_word' id='word_1_37' title='bbox 511 1391 717 1478; x_wconf 80' lang='lat' dir='ltr'>altitudine</span> <span class='ocrx_word' id='word_1_38' title='bbox 735 1391 786 1475; x_wconf 87' lang='lat' dir='ltr'>ad</span> <span class='ocrx_word' id='word_1_39' title='bbox 805 1415 926 1500; x_wconf 91' lang='lat' dir='ltr'>quam</span> <span class='ocrx_word' id='word_1_40' title='bbox 942 1414 1091 1500; x_wconf 88' lang='lat' dir='ltr'>corpus</span> <span class='ocrx_word' id='word_1_41' title='bbox 1109 1387 1302 1496; x_wconf 86' lang='lat' dir='ltr'>ascendit,</span> <span class='ocrx_word' id='word_1_42' title='bbox 1324 1385 1533 1500; x_wconf 81' lang='lat' dir='ltr'>inpondiu</span> 
     </span>
     <span class='ocr_line' id='line_1_8' title="bbox 275 1511 1532 1638; baseline -0.001 -35"><span class='ocrx_word' id='word_1_43' title='bbox 275 1511 457 1630; x_wconf 87' lang='lat' dir='ltr'>ejusdem</span> <span class='ocrx_word' id='word_1_44' title='bbox 479 1523 679 1631; x_wconf 89' lang='lat' dir='ltr'>corporis.</span> <span class='ocrx_word' id='word_1_45' title='bbox 745 1517 878 1638; x_wconf 87' lang='lat' dir='ltr'>Quod</span> <span class='ocrx_word' id='word_1_46' title='bbox 892 1519 923 1606; x_wconf 84' lang='lat' dir='ltr'><strong>fi</strong></span> <span class='ocrx_word' id='word_1_47' title='bbox 939 1523 1041 1605; x_wconf 84' lang='lat' dir='ltr'>rerd</span> <span class='ocrx_word' id='word_1_48' title='bbox 1057 1541 1205 1630; x_wconf 74' lang='lat' dir='ltr'>prater</span> <span class='ocrx_word' id='word_1_49' title='bbox 1222 1520 1461 1626; x_wconf 88' lang='lat' dir='ltr'>opinionem</span> <span class='ocrx_word' id='word_1_50' title='bbox 1487 1518 1532 1602; x_wconf 93' lang='lat' dir='ltr'>id</span> 
     </span>
     <span class='ocr_line' id='line_1_9' title="bbox 274 1647 1531 1758; baseline -0.004 -20"><span class='ocrx_word' id='word_1_51' title='bbox 274 1650 457 1738; x_wconf 83' lang='lat' dir='ltr'>nondum</span> <span class='ocrx_word' id='word_1_52' title='bbox 487 1649 574 1735; x_wconf 90' lang='lat' dir='ltr'>satis</span> <span class='ocrx_word' id='word_1_53' title='bbox 591 1649 755 1735; x_wconf 82' lang='lat' dir='ltr'>evidens</span> <span class='ocrx_word' id='word_1_54' title='bbox 769 1667 885 1758; x_wconf 87' lang='lat' dir='ltr'>atque</span> <span class='ocrx_word' id='word_1_55' title='bbox 903 1650 1122 1758; x_wconf 88' lang='lat' dir='ltr'>probatum</span> <span class='ocrx_word' id='word_1_56' title='bbox 1147 1647 1348 1730; x_wconf 80' lang='lat' dir='ltr'>videbitur</span> <span class='ocrx_word' id='word_1_57' title='bbox 1384 1650 1433 1733; x_wconf 90' lang='lat' dir='ltr'>iis</span> <span class='ocrx_word' id='word_1_58' title='bbox 1459 1649 1531 1758; x_wconf 91' lang='lat' dir='ltr'>qui</span> 
     </span>
     <span class='ocr_line' id='line_1_10' title="bbox 273 1769 1531 1892; baseline -0.002 -32"><span class='ocrx_word' id='word_1_59' title='bbox 273 1803 357 1888; x_wconf 86' lang='lat' dir='ltr'>pro</span> <span class='ocrx_word' id='word_1_60' title='bbox 375 1779 537 1864; x_wconf 79' lang='lat' dir='ltr'>adversa</span> <span class='ocrx_word' id='word_1_61' title='bbox 557 1799 670 1892; x_wconf 88' lang='lat' dir='ltr'>parre</span> <span class='ocrx_word' id='word_1_62' title='bbox 690 1781 812 1879; x_wconf 84' lang='lat' dir='ltr'>stant,</span> <span class='ocrx_word' id='word_1_63' title='bbox 835 1775 1221 1860; x_wconf 82' lang='lat' dir='ltr'>demonstrationem</span> <span class='ocrx_word' id='word_1_64' title='bbox 1234 1769 1352 1884; x_wconf 86' lang='lat' dir='ltr'>hujus</span> <span class='ocrx_word' id='word_1_65' title='bbox 1366 1778 1428 1856; x_wconf 89' lang='lat' dir='ltr'>rei</span> <span class='ocrx_word' id='word_1_66' title='bbox 1447 1777 1531 1882; x_wconf 86' lang='lat' dir='ltr'>ple-</span> 
     </span>
     <span class='ocr_line' id='line_1_11' title="bbox 272 1899 1532 2016; baseline -0.008 -22"><span class='ocrx_word' id='word_1_67' title='bbox 272 1908 437 1994; x_wconf 83' lang='lat' dir='ltr'>niorem</span> <span class='ocrx_word' id='word_1_68' title='bbox 456 1909 564 1994; x_wconf 86' lang='lat' dir='ltr'>dabo</span> <span class='ocrx_word' id='word_1_69' title='bbox 579 1913 622 1992; x_wconf 92' lang='lat' dir='ltr'>in</span> <span class='ocrx_word' id='word_1_70' title='bbox 635 1903 902 2016; x_wconf 87' lang='lat' dir='ltr'>sequentibus.</span> <span class='ocrx_word' id='word_1_71' title='bbox 968 1899 1094 1990; x_wconf 89' lang='lat' dir='ltr'>Nunc</span> <span class='ocrx_word' id='word_1_72' title='bbox 1109 1903 1213 1994; x_wconf 83' lang='lat' dir='ltr'>rerd</span> <span class='ocrx_word' id='word_1_73' title='bbox 1232 1899 1285 1984; x_wconf 90' lang='lat' dir='ltr'>ad</span> <span class='ocrx_word' id='word_1_74' title='bbox 1299 1900 1376 1985; x_wconf 87' lang='lat' dir='ltr'>alia</span> <span class='ocrx_word' id='word_1_75' title='bbox 1384 1927 1532 2014; x_wconf 80' lang='lat' dir='ltr'>pergo,</span> 
     </span>
     <span class='ocr_line' id='line_1_12' title="bbox 426 2029 1535 2140; baseline -0.001 -24"><span class='ocrx_word' id='word_1_76' title='bbox 426 2034 536 2116; x_wconf 84' lang='lat' dir='ltr'>Inter</span> <span class='ocrx_word' id='word_1_77' title='bbox 556 2037 766 2116; x_wconf 86' lang='lat' dir='ltr'>innumera</span> <span class='ocrx_word' id='word_1_78' title='bbox 784 2035 861 2116; x_wconf 86' lang='lat' dir='ltr'>alia</span> <span class='ocrx_word' id='word_1_79' title='bbox 884 2049 1023 2113; x_wconf 89' lang='lat' dir='ltr'>motus</span> <span class='ocrx_word' id='word_1_80' title='bbox 1048 2029 1339 2140; x_wconf 87' lang='lat' dir='ltr'>impedimenta</span> <span class='ocrx_word' id='word_1_81' title='bbox 1364 2033 1407 2115; x_wconf 80' lang='lat' dir='ltr'>dt</span> <span class='ocrx_word' id='word_1_82' title='bbox 1435 2030 1535 2115; x_wconf 89' lang='lat' dir='ltr'>illud</span> 
     </span>
     <span class='ocr_line' id='line_1_13' title="bbox 273 2156 1533 2274; baseline 0.006 -34"><span class='ocrx_word' id='word_1_83' title='bbox 273 2182 439 2271; x_wconf 86' lang='lat' dir='ltr'>quoque</span> <span class='ocrx_word' id='word_1_84' title='bbox 456 2156 506 2241; x_wconf 90' lang='lat' dir='ltr'>ad</span> <span class='ocrx_word' id='word_1_85' title='bbox 518 2157 744 2242; x_wconf 84' lang='lat' dir='ltr'>mensutam</span> <span class='ocrx_word' id='word_1_86' title='bbox 761 2158 914 2242; x_wconf 81' lang='lat' dir='ltr'>virium</span> <span class='ocrx_word' id='word_1_87' title='bbox 931 2177 1070 2266; x_wconf 87' lang='lat' dir='ltr'>aptum</span> <span class='ocrx_word' id='word_1_88' title='bbox 1086 2161 1165 2261; x_wconf 92' lang='lat' dir='ltr'>est,</span> <span class='ocrx_word' id='word_1_89' title='bbox 1189 2158 1298 2269; x_wconf 90' lang='lat' dir='ltr'>quod</span> <span class='ocrx_word' id='word_1_90' title='bbox 1315 2159 1365 2243; x_wconf 85' lang='lat' dir='ltr'>ab</span> <span class='ocrx_word' id='word_1_91' title='bbox 1385 2156 1533 2274; x_wconf 77' lang='lat' dir='ltr'>clastris</span> 
     </span>
     <span class='ocr_line' id='line_1_14' title="bbox 266 2283 1530 2397; baseline 0.002 -24"><span class='ocrx_word' id='word_1_92' title='bbox 266 2286 515 2396; x_wconf 74' lang='lat' dir='ltr'>equalibus,</span> <span class='ocrx_word' id='word_1_93' title='bbox 536 2291 580 2369; x_wconf 79' lang='grc' dir='ltr'>ὅτ</span> <span class='ocrx_word' id='word_1_94' title='bbox 595 2285 645 2368; x_wconf 90' lang='lat' dir='ltr'>ad</span> <span class='ocrx_word' id='word_1_95' title='bbox 661 2285 855 2393; x_wconf 73' lang='lat' dir='ltr'>aqualem</span> <span class='ocrx_word' id='word_1_96' title='bbox 868 2283 1056 2370; x_wconf 85' lang='lat' dir='ltr'>terrsronis</span> <span class='ocrx_word' id='word_1_97' title='bbox 1078 2287 1246 2392; x_wconf 86' lang='lat' dir='ltr'>gradum</span> <span class='ocrx_word' id='word_1_98' title='bbox 1263 2288 1530 2397; x_wconf 72' lang='lat' dir='ltr'>perducendis</span> 
     </span>
     <span class='ocr_line' id='line_1_15' title="bbox 271 2407 1528 2526; baseline 0.003 -27"><span class='ocrx_word' id='word_1_99' title='bbox 271 2417 438 2526; x_wconf 86' lang='lat' dir='ltr'>petitur.</span> <span class='ocrx_word' id='word_1_100' title='bbox 500 2415 590 2516; x_wconf 89' lang='lat' dir='ltr'>Jam</span> <span class='ocrx_word' id='word_1_101' title='bbox 605 2407 999 2524; x_wconf 81' lang='lat' dir='ltr'>pridem.Celeberr‚&#39;</span> <span class='ocrx_word' id='word_1_102' title='bbox 1012 2407 1313 2518; x_wconf 71' lang='lat' dir='ltr'>Jouraeraouur</span> <span class='ocrx_word' id='word_1_103' title='bbox 1328 2417 1528 2526; x_wconf 85' lang='lat' dir='ltr'>ostendit,</span> 
     </span>
     <span class='ocr_line' id='line_1_16' title="bbox 272 2537 1634 2655; baseline 0.004 -27"><span class='ocrx_word' id='word_1_104' title='bbox 272 2544 386 2655; x_wconf 90' lang='lat' dir='ltr'>quod</span> <span class='ocrx_word' id='word_1_105' title='bbox 405 2567 556 2652; x_wconf 87' lang='lat' dir='ltr'>corpus</span> <span class='ocrx_word' id='word_1_106' title='bbox 573 2543 734 2654; x_wconf 88' lang='lat' dir='ltr'>aliquod</span> <span class='ocrx_word' id='word_1_107' title='bbox 761 2538 810 2625; x_wconf 84' lang='lat' dir='ltr'>A</span> <span class='ocrx_word' id='word_1_108' title='bbox 844 2541 934 2626; x_wconf 74' lang='lat' dir='ltr'>aas</span> <span class='ocrx_word' id='word_1_109' title='bbox 958 2537 1110 2628; x_wconf 89' lang='lat' dir='ltr'>habens</span> <span class='ocrx_word' id='word_1_110' title='bbox 1139 2545 1347 2630; x_wconf 84' lang='lat' dir='ltr'>celeritatis</span> <span class='ocrx_word' id='word_1_111' title='bbox 1368 2548 1530 2652; x_wconf 66' lang='lat' dir='ltr'>gradus</span> <span class='ocrx_word' id='word_1_112' title='bbox 1629 2581 1634 2588; x_wconf 93' lang='lat'>·</span> 
     </span>
     <span class='ocr_line' id='line_1_17' title="bbox 277 2671 1528 2790; baseline 0.002 -34"><span class='ocrx_word' id='word_1_113' title='bbox 277 2685 442 2786; x_wconf 81' lang='lat' dir='ltr'>quatuor</span> <span class='ocrx_word' id='word_1_114' title='bbox 459 2671 602 2784; x_wconf 76' lang='lat' dir='ltr'>clastris</span> <span class='ocrx_word' id='word_1_115' title='bbox 617 2671 809 2790; x_wconf 71' lang='lat' dir='ltr'>sutilibus</span> <span class='ocrx_word' id='word_1_116' title='bbox 824 2673 867 2754; x_wconf 82' lang='lat' dir='ltr'>dt</span> <span class='ocrx_word' id='word_1_117' title='bbox 881 2671 1100 2780; x_wconf 70' lang='lat' dir='ltr'>equalibus</span> <span class='ocrx_word' id='word_1_118' title='bbox 1126 2677 1178 2758; x_wconf 88' lang='lat' dir='ltr'>ad</span> <span class='ocrx_word' id='word_1_119' title='bbox 1193 2675 1368 2760; x_wconf 89' lang='lat' dir='ltr'>eundem</span> <span class='ocrx_word' id='word_1_120' title='bbox 1386 2677 1528 2764; x_wconf 85' lang='lat' dir='ltr'>tensro-</span> 
     </span>
     <span class='ocr_line' id='line_1_18' title="bbox 276 2798 1524 2912; baseline -0.004 -28"><span class='ocrx_word' id='word_1_121' title='bbox 276 2800 340 2884; x_wconf 88' lang='lat' dir='ltr'>nis</span> <span class='ocrx_word' id='word_1_122' title='bbox 351 2802 518 2912; x_wconf 85' lang='lat' dir='ltr'>gradum</span> <span class='ocrx_word' id='word_1_123' title='bbox 536 2803 711 2886; x_wconf 69' lang='lat' dir='ltr'>adoreis</span> <span class='ocrx_word' id='word_1_124' title='bbox 726 2798 932 2883; x_wconf 84' lang='lat' dir='ltr'>vimsuam</span> <span class='ocrx_word' id='word_1_125' title='bbox 943 2800 1174 2907; x_wconf 73' lang='lat' dir='ltr'>exinaniat,</span> <span class='ocrx_word' id='word_1_126' title='bbox 1189 2803 1288 2888; x_wconf 91' lang='lat' dir='ltr'>dum</span> <span class='ocrx_word' id='word_1_127' title='bbox 1304 2803 1416 2885; x_wconf 88' lang='lat' dir='ltr'>idem</span> <span class='ocrx_word' id='word_1_128' title='bbox 1430 2827 1524 2889; x_wconf 89' lang='lat' dir='ltr'>cor.</span> 
     </span>
     <span class='ocr_line' id='line_1_19' title="bbox 274 2925 1532 3040; baseline 0.005 -28"><span class='ocrx_word' id='word_1_129' title='bbox 274 2954 354 3038; x_wconf 87' lang='lat' dir='ltr'>pus</span> <span class='ocrx_word' id='word_1_130' title='bbox 398 2925 448 3014; x_wconf 82' lang='lat' dir='ltr'>A</span> <span class='ocrx_word' id='word_1_131' title='bbox 509 2933 652 3016; x_wconf 63' lang='lat' dir='ltr'>unum</span> <span class='ocrx_word' id='word_1_132' title='bbox 726 2926 877 3013; x_wconf 88' lang='lat' dir='ltr'>babens</span> <span class='ocrx_word' id='word_1_133' title='bbox 935 2929 1150 3016; x_wconf 85' lang='lat' dir='ltr'>celeritatis</span> <span class='ocrx_word' id='word_1_134' title='bbox 1205 2932 1377 3040; x_wconf 85' lang='lat' dir='ltr'>gradum</span> <span class='ocrx_word' id='word_1_135' title='bbox 1430 2934 1532 3018; x_wconf 71' lang='lat' dir='ltr'>uruca</span> 
     </span>
     <span class='ocr_line' id='line_1_20' title="bbox 274 3053 1530 3172; baseline 0.004 -31"><span class='ocrx_word' id='word_1_136' title='bbox 274 3053 570 3170; x_wconf 69' lang='lat' dir='ltr'>mutunelastro</span> <span class='ocrx_word' id='word_1_137' title='bbox 598 3059 650 3145; x_wconf 92' lang='lat' dir='ltr'>ad</span> <span class='ocrx_word' id='word_1_138' title='bbox 680 3081 820 3168; x_wconf 89' lang='lat' dir='ltr'>parem</span> <span class='ocrx_word' id='word_1_139' title='bbox 839 3057 1022 3144; x_wconf 86' lang='lat' dir='ltr'>tenfionis</span> <span class='ocrx_word' id='word_1_140' title='bbox 1048 3061 1216 3172; x_wconf 85' lang='lat' dir='ltr'>gradum</span> <span class='ocrx_word' id='word_1_141' title='bbox 1247 3061 1418 3147; x_wconf 74' lang='lat' dir='ltr'>addudio</span> <span class='ocrx_word' id='word_1_142' title='bbox 1440 3064 1530 3146; x_wconf 78' lang='lat' dir='ltr'>rim</span> 
     </span>
     <span class='ocr_line' id='line_1_21' title="bbox 273 3183 1529 3305; baseline 0.006 -37"><span class='ocrx_word' id='word_1_143' title='bbox 273 3184 388 3268; x_wconf 80' lang='lat' dir='ltr'>fitam</span> <span class='ocrx_word' id='word_1_144' title='bbox 415 3183 595 3270; x_wconf 83' lang='lat' dir='ltr'>exhaurit</span> <span class='ocrx_word' id='word_1_145' title='bbox 618 3217 631 3298; x_wconf 79' lang='lat'>3</span> <span class='ocrx_word' id='word_1_146' title='bbox 665 3187 758 3272; x_wconf 86' lang='lat' dir='ltr'>talia</span> <span class='ocrx_word' id='word_1_147' title='bbox 785 3192 887 3274; x_wconf 80' lang='lat' dir='ltr'>veto</span> <span class='ocrx_word' id='word_1_148' title='bbox 912 3188 1050 3272; x_wconf 82' lang='lat' dir='ltr'>elastra</span> <span class='ocrx_word' id='word_1_149' title='bbox 1075 3191 1241 3305; x_wconf 79' lang='lat' dir='ltr'>aequalia</span> <span class='ocrx_word' id='word_1_150' title='bbox 1263 3195 1306 3275; x_wconf 71' lang='grc' dir='ltr'><strong>ἃ</strong></span> <span class='ocrx_word' id='word_1_151' title='bbox 1327 3191 1529 3300; x_wconf 71' lang='lat' dir='ltr'>aqualiter</span> 
     </span>
     <span class='ocr_line' id='line_1_22' title="bbox 254 3308 1526 3425; baseline 0.003 -27"><span class='ocrx_word' id='word_1_152' title='bbox 254 3312 389 3398; x_wconf 66' lang='lat' dir='ltr'>tensa</span> <span class='ocrx_word' id='word_1_153' title='bbox 405 3308 489 3396; x_wconf 90' lang='lat' dir='ltr'>sunt</span> <span class='ocrx_word' id='word_1_154' title='bbox 503 3313 664 3398; x_wconf 63' lang='lat' dir='ltr'>effecius</span> <span class='ocrx_word' id='word_1_155' title='bbox 684 3315 879 3423; x_wconf 75' lang='lat' dir='ltr'>adaquati</span> <span class='ocrx_word' id='word_1_156' title='bbox 906 3335 1100 3400; x_wconf 88' lang='lat' dir='ltr'>accuratae</span> <span class='ocrx_word' id='word_1_157' title='bbox 1125 3315 1313 3400; x_wconf 75' lang='lat' dir='ltr'>mensum</span> <span class='ocrx_word' id='word_1_158' title='bbox 1339 3342 1526 3425; x_wconf 86' lang='lat' dir='ltr'>capaces,</span> 
     </span>
     <span class='ocr_line' id='line_1_23' title="bbox 276 3427 1529 3566; baseline 0.005 -40"><span class='ocrx_word' id='word_1_159' title='bbox 276 3467 381 3552; x_wconf 87' lang='lat' dir='ltr'>quos</span> <span class='ocrx_word' id='word_1_160' title='bbox 396 3441 510 3526; x_wconf 81' lang='lat' dir='ltr'>vires</span> <span class='ocrx_word' id='word_1_161' title='bbox 523 3441 600 3526; x_wconf 82' lang='lat' dir='ltr'>illae</span> <span class='ocrx_word' id='word_1_162' title='bbox 617 3445 810 3550; x_wconf 88' lang='lat' dir='ltr'>corporis</span> <span class='ocrx_word' id='word_1_163' title='bbox 826 3439 1089 3542; x_wconf 62' lang='lat' dir='ltr'>maiorer</span> <span class='ocrx_word' id='word_1_164' title='bbox 1113 3441 1245 3526; x_wconf 92' lang='lat' dir='ltr'>modo</span> <span class='ocrx_word' id='word_1_165' title='bbox 1269 3465 1288 3528; x_wconf 93' lang='lat'>1</span> <span class='ocrx_word' id='word_1_166' title='bbox 1319 3427 1529 3566; x_wconf 73' lang='lat' dir='ltr'>celeritatis</span> 
     </span>
     <span class='ocr_line' id='line_1_24' title="bbox 215 3566 1528 3686; baseline 0.001 -26"><span class='ocrx_word' id='word_1_167' title='bbox 215 3644 219 3660; x_wconf 73' lang='grc'>,</span> <span class='ocrx_word' id='word_1_168' title='bbox 278 3573 425 3686; x_wconf 83' lang='lat' dir='ltr'>gradus</span> <span class='ocrx_word' id='word_1_169' title='bbox 446 3568 640 3657; x_wconf 76' lang='lat' dir='ltr'>balenas</span> <span class='ocrx_word' id='word_1_170' title='bbox 670 3572 791 3655; x_wconf 86' lang='lat' dir='ltr'>edere</span> <span class='ocrx_word' id='word_1_171' title='bbox 808 3566 1193 3680; x_wconf 80' lang='lat' dir='ltr'>poliunt3quoniam</span> <span class='ocrx_word' id='word_1_172' title='bbox 1229 3595 1330 3656; x_wconf 81' lang='lat' dir='ltr'>tero</span> <span class='ocrx_word' id='word_1_173' title='bbox 1363 3570 1528 3662; x_wconf 69' lang='lat' dir='ltr'>effecius</span> 
     </span>
     <span class='ocr_line' id='line_1_25' title="bbox 277 3695 1762 3820; baseline 0.004 -36"><span class='ocrx_word' id='word_1_174' title='bbox 277 3699 465 3811; x_wconf 81' lang='lat' dir='ltr'>eorporis</span> <span class='ocrx_word' id='word_1_175' title='bbox 484 3700 690 3785; x_wconf 84' lang='lat' dir='ltr'>celerioris</span> <span class='ocrx_word' id='word_1_176' title='bbox 708 3699 759 3784; x_wconf 90' lang='lat' dir='ltr'>ad</span> <span class='ocrx_word' id='word_1_177' title='bbox 773 3695 961 3784; x_wconf 70' lang='lat' dir='ltr'>effectum</span> <span class='ocrx_word' id='word_1_178' title='bbox 976 3699 1164 3784; x_wconf 89' lang='lat' dir='ltr'>tardioris</span> <span class='ocrx_word' id='word_1_179' title='bbox 1190 3701 1258 3808; x_wconf 76' lang='lat' dir='ltr'>eil,</span> <span class='ocrx_word' id='word_1_180' title='bbox 1277 3720 1318 3784; x_wconf 91' lang='lat' dir='ltr'>ut</span> <span class='ocrx_word' id='word_1_181' title='bbox 1338 3723 1373 3820; x_wconf 82' lang='lat'>4</span> <span class='ocrx_word' id='word_1_182' title='bbox 1407 3703 1456 3788; x_wconf 87' lang='lat' dir='ltr'>ad</span> <span class='ocrx_word' id='word_1_183' title='bbox 1482 3725 1522 3808; x_wconf 87' lang='lat'>1,</span> <span class='ocrx_word' id='word_1_184' title='bbox 1754 3789 1762 3804; x_wconf 17' lang='grc' dir='ltr'><em>κ</em></span> 
     </span>
     <span class='ocr_line' id='line_1_26' title="bbox 276 3822 1719 3940; baseline 0.002 -26"><span class='ocrx_word' id='word_1_185' title='bbox 276 3829 525 3914; x_wconf 68' lang='lat' dir='ltr'>manistilum</span> <span class='ocrx_word' id='word_1_186' title='bbox 543 3831 600 3914; x_wconf 89' lang='lat' dir='ltr'>est</span> <span class='ocrx_word' id='word_1_187' title='bbox 612 3831 771 3940; x_wconf 84' lang='lat' dir='ltr'>utique,</span> <span class='ocrx_word' id='word_1_188' title='bbox 797 3827 907 3938; x_wconf 94' lang='lat' dir='ltr'>quod</span> <span class='ocrx_word' id='word_1_189' title='bbox 922 3827 963 3912; x_wconf 86' lang='lat' dir='ltr'>lri</span> <span class='ocrx_word' id='word_1_190' title='bbox 982 3824 1147 3914; x_wconf 74' lang='lat' dir='ltr'>effedus</span> <span class='ocrx_word' id='word_1_191' title='bbox 1164 3829 1239 3912; x_wconf 88' lang='lat' dir='ltr'>fint</span> <span class='ocrx_word' id='word_1_192' title='bbox 1263 3832 1303 3912; x_wconf 90' lang='lat' dir='ltr'>in</span> <span class='ocrx_word' id='word_1_193' title='bbox 1321 3831 1527 3937; x_wconf 90' lang='lat' dir='ltr'>duplicata</span> <span class='ocrx_word' id='word_1_194' title='bbox 1710 3822 1719 3844; x_wconf 72' lang='lat'><strong>⁴</strong></span> 
     </span>
     <span class='ocr_line' id='line_1_27' title="bbox 275 3947 1580 4066; baseline 0.002 -23"><span class='ocrx_word' id='word_1_195' title='bbox 275 3961 429 4044; x_wconf 89' lang='lat' dir='ltr'>ratione</span> <span class='ocrx_word' id='word_1_196' title='bbox 447 3959 711 4049; x_wconf 88' lang='lat' dir='ltr'>celeritattun.</span> <span class='ocrx_word' id='word_1_197' title='bbox 743 3953 1523 4066; x_wconf 77' lang='lat' dir='ltr'>A1gumentrunrerdipsumCeleberr,</span> <span class='ocrx_word' id='word_1_198' title='bbox 1563 3947 1580 3958; x_wconf 75' lang='grc'><strong>’</strong></span> 
     </span>
     <span class='ocr_line' id='line_1_28' title="bbox 278 4084 1516 4193; baseline -0.01 -17"><span class='ocrx_word' id='word_1_199' title='bbox 278 4089 396 4192; x_wconf 82' lang='lat' dir='ltr'>Viri,</span> <span class='ocrx_word' id='word_1_200' title='bbox 420 4087 624 4173; x_wconf 78' lang='lat' dir='ltr'>brevitatis</span> <span class='ocrx_word' id='word_1_201' title='bbox 643 4086 759 4172; x_wconf 85' lang='lat' dir='ltr'>causa</span> <span class='ocrx_word' id='word_1_202' title='bbox 772 4085 838 4170; x_wconf 91' lang='lat' dir='ltr'>hic</span> <span class='ocrx_word' id='word_1_203' title='bbox 857 4109 940 4174; x_wconf 90' lang='lat' dir='ltr'>non</span> <span class='ocrx_word' id='word_1_204' title='bbox 957 4084 1140 4186; x_wconf 85' lang='lat' dir='ltr'>adduce,</span> <span class='ocrx_word' id='word_1_205' title='bbox 1160 4084 1273 4193; x_wconf 91' lang='lat' dir='ltr'>quod</span> <span class='ocrx_word' id='word_1_206' title='bbox 1300 4085 1397 4170; x_wconf 89' lang='lat' dir='ltr'>illud</span> <span class='ocrx_word' id='word_1_207' title='bbox 1413 4087 1516 4172; x_wconf 85' lang='lat' dir='ltr'>dilu.</span> 
     </span>
     <span class='ocr_line' id='line_1_29' title="bbox 282 4207 1515 4329; baseline 0.006 -30"><span class='ocrx_word' id='word_1_208' title='bbox 282 4217 369 4301; x_wconf 89' lang='lat' dir='ltr'>cide</span> <span class='ocrx_word' id='word_1_209' title='bbox 384 4215 612 4326; x_wconf 76' lang='lat' dir='ltr'>expositum</span> <span class='ocrx_word' id='word_1_210' title='bbox 629 4219 714 4329; x_wconf 82' lang='lat' dir='ltr'>legi</span> <span class='ocrx_word' id='word_1_211' title='bbox 732 4214 849 4326; x_wconf 87' lang='lat' dir='ltr'>poffit</span> <span class='ocrx_word' id='word_1_212' title='bbox 865 4217 905 4299; x_wconf 87' lang='lat' dir='ltr'>in</span> <span class='ocrx_word' id='word_1_213' title='bbox 924 4207 1002 4301; x_wconf 80' lang='lat' dir='ltr'>Cet</span> <span class='ocrx_word' id='word_1_214' title='bbox 1021 4209 1086 4300; x_wconf 87' lang='lat' dir='ltr'><em>W</em></span> <span class='ocrx_word' id='word_1_215' title='bbox 1081 4211 1157 4328; x_wconf 66' lang='lat' dir='ltr'>odii</span> <span class='ocrx_word' id='word_1_216' title='bbox 1177 4212 1398 4304; x_wconf 83' lang='lat' dir='ltr'>Elementis</span> <span class='ocrx_word' id='word_1_217' title='bbox 1422 4215 1515 4306; x_wconf 75' lang='lat' dir='ltr'>Mt·</span> 
     </span>
     <span class='ocr_line' id='line_1_30' title="bbox 121 4329 988 4467; baseline 0.002 -41"><span class='ocrx_word' id='word_1_218' title='bbox 121 4347 136 4364; x_wconf 83' lang='grc'><strong>“</strong></span> <span class='ocrx_word' id='word_1_219' title='bbox 281 4329 451 4430; x_wconf 72' lang='lat' dir='ltr'>ebraice</span> <span class='ocrx_word' id='word_1_220' title='bbox 465 4373 563 4459; x_wconf 86' lang='lat' dir='ltr'>pag.</span> <span class='ocrx_word' id='word_1_221' title='bbox 587 4366 691 4467; x_wconf 81' lang='lat'>594.</span> <span class='ocrx_word' id='word_1_222' title='bbox 706 4343 869 4455; x_wconf 84' lang='lat' dir='ltr'>Paragr.</span> <span class='ocrx_word' id='word_1_223' title='bbox 882 4357 988 4458; x_wconf 83' lang='lat'><strong><em>275.</em></strong></span> 
     </span>
     <span class='ocr_line' id='line_1_31' title="bbox 191 4466 1521 4586; baseline 0.001 -23"><span class='ocrx_word' id='word_1_224' title='bbox 191 4543 195 4550; x_wconf 86' lang='lat'>.</span> <span class='ocrx_word' id='word_1_225' title='bbox 309 4479 313 4496; x_wconf 81' lang='lat'>&#39;</span> <span class='ocrx_word' id='word_1_226' title='bbox 356 4469 451 4562; x_wconf 85' lang='lat' dir='ltr'>Hoc</span> <span class='ocrx_word' id='word_1_227' title='bbox 469 4476 582 4561; x_wconf 87' lang='lat' dir='ltr'>idem</span> <span class='ocrx_word' id='word_1_228' title='bbox 599 4477 675 4562; x_wconf 81' lang='lat' dir='ltr'>alia</span> <span class='ocrx_word' id='word_1_229' title='bbox 693 4474 821 4560; x_wconf 87' lang='lat' dir='ltr'>adbuc</span> <span class='ocrx_word' id='word_1_230' title='bbox 837 4475 991 4560; x_wconf 85' lang='lat' dir='ltr'>ratione</span> <span class='ocrx_word' id='word_1_231' title='bbox 1006 4466 1207 4586; x_wconf 83' lang='lat' dir='ltr'>eleganter</span> <span class='ocrx_word' id='word_1_232' title='bbox 1220 4471 1521 4564; x_wconf 84' lang='lat' dir='ltr'>exelallrorum</span> 
     </span>
    </p>
   </div>
   <div class='ocr_carea' id='block_1_3' title="bbox 275 4595 1577 4868">
    <p class='ocr_par' dir='ltr' id='par_1_3' title="bbox 275 4595 1577 4868">
     <span class='ocr_line' id='line_1_32' title="bbox 276 4595 1577 4728; baseline -0.006 -40"><span class='ocrx_word' id='word_1_233' title='bbox 276 4599 433 4689; x_wconf 78' lang='lat' dir='ltr'>theoni</span> <span class='ocrx_word' id='word_1_234' title='bbox 448 4603 614 4690; x_wconf 82' lang='lat' dir='ltr'>deduxit</span> <span class='ocrx_word' id='word_1_235' title='bbox 627 4603 773 4700; x_wconf 78' lang='lat' dir='ltr'>Celeb.</span> <span class='ocrx_word' id='word_1_236' title='bbox 791 4597 1096 4712; x_wconf 83' lang='lat' dir='ltr'>s&#39;Gravesandus</span> <span class='ocrx_word' id='word_1_237' title='bbox 1113 4595 1386 4692; x_wconf 84' lang='lat' dir='ltr'>qulemcntis</span> <span class='ocrx_word' id='word_1_238' title='bbox 1403 4602 1514 4728; x_wconf 65' lang='lat' dir='ltr'>Phy7</span> <span class='ocrx_word' id='word_1_239' title='bbox 1545 4681 1554 4698; x_wconf 79' lang='grc'><em>,</em></span> <span class='ocrx_word' id='word_1_240' title='bbox 1574 4669 1577 4680; x_wconf 94' lang='grc'><em>.</em></span> 
     </span>
     <span class='ocr_line' id='line_1_33' title="bbox 275 4727 1518 4868; baseline -0.006 -46"><span class='ocrx_word' id='word_1_241' title='bbox 275 4727 839 4868; x_wconf 11' lang='lat' dir='ltr'>ficesupagnrafoml„</span> <span class='ocrx_word' id='word_1_242' title='bbox 942 4729 1043 4856; x_wconf 66' lang='lat'>33</span> <span class='ocrx_word' id='word_1_243' title='bbox 1265 4729 1518 4842; x_wconf 81' lang='lat' dir='ltr'>11.Eadem</span> 
     </span>
    </p>
   </div>
   <div class='ocr_carea' id='block_1_4' title="bbox 0 0 2192 5952">
    <p class='ocr_par' dir='ltr' id='par_1_4' title="bbox 0 0 2192 5952">
     <span class='ocr_line' id='line_1_34' title="bbox 0 0 2192 5952; baseline 0 2"><span class='ocrx_word' id='word_1_244' title='bbox 0 0 2192 5952; x_wconf 95' lang='lat' dir='ltr'> </span> 
     </span>
    </p>
   </div>
  </div>
 </body>
</html>
