4386 5980
759 543 861 673 43⁶
1205 541 1512 644 unuvao

763 751 987 847 Secundum
1003 777 1096 837 eum
1111 745 1341 862 Procopius
1358 749 1619 841 Caesariensis
1637 751 1769 842 multis
1782 756 1906 844 rebus
1917 759 1956 848 in
1967 785 2017 847 o.

759 891 889 975 riente
909 886 1106 985 admotus,
1120 879 1285 970 Caucasi
1301 907 1440 992 portas
1463 885 1560 969 duas
1575 881 1690 968 Tzur
1704 905 1746 970 et
1770 885 2018 976 Caucaseam

759 1017 801 1102 in
816 1015 926 1121 bello
942 1007 1125 1098 Gothico
1142 1007 1207 1130 (4)
1223 1013 1413 1098 nominat.
1481 1012 1530 1098 In
1559 1013 1668 1097 bello
1696 1013 1862 1102 Perseo
1887 1042 2019 1108 autem

756 1147 820 1263 (ς)
843 1169 979 1262 portas
1003 1131 1481 1252 Caucaseasampliss'rme
1506 1142 1704 1233 describit.
1779 1143 1863 1232 Ait
1885 1154 2012 1238 euim:

712 1373 717 1384 ,
756 1281 938 1370 Taurum
954 1274 1122 1363 Ciliciae
1138 1296 1353 1358 excurrere
1367 1277 1409 1359 in
1427 1270 1678 1360 Armeniam
1695 1269 2020 1387 Persarmeniam,

759 1405 981 1496 Albaniam
1000 1405 1040 1488 e't
1055 1403 1229 1490 Iberiam
1263 1421 1303 1485 et
1319 1426 1470 1514 quanto
1490 1403 1675 1514 procedit
1694 1404 1887 1525 longius,
1906 1429 2017 1498 tanto

760 1535 988 1625 accrescere
1004 1535 1044 1617 in
1062 1531 1328 1619 altitudinem:
1349 1552 1460 1619 trans
1475 1533 1632 1619 iberiae
1648 1533 1751 1618 sines
1768 1535 1871 1621 inter
1888 1542 2018 1625 ardis·

758 1669 872 1756 limas
890 1661 1083 1778 angustias
1098 1661 1173 1747 else
1192 1659 1479 1764 tramitem‚seu
1495 1665 1663 1750 claustra
1675 1664 1869 1772 quaedam
1889 1666 2015 1758 Lila-

758 1799 918 1884 diorum
935 1793 1185 1905 longitudine
1203 1809 1246 1872 ct
1264 1791 1440 1877 desinere
1458 1795 1500 1876 in
1513 1815 1656 1879 monte
1671 1814 1893 1904 praerupto
1909 1819 1948 1880 et
1963 1801 2014 1882 in-

677 1923 680 1930 ’
754 1926 986 2039 superabili,
1017 1923 1100 2026 nist,
1124 1920 1233 2032 quod
1253 1947 1326 2030 per
1344 1949 1441 2010 eum
1458 1944 1592 2007 natura
1609 1924 1665 2009 src
1690 1923 1747 2006 esl
1772 1927 1912 2011 molita
1928 1929 2011 2010 exi-

756 2079 840 2143 tum
868 2112 881 2161 ,
907 2073 952 2140 vt
974 2078 1095 2139 manu
1126 2049 1338 2160 patefactus
1372 2053 1562 2137 uideatur.
1624 2055 1728 2140 Eam
1745 2069 1907 2161 portam
1927 2045 2010 2141 Ca·

755 2186 883 2298 spiam
899 2185 949 2272 ab
972 2185 1130 2291 antiqua
1149 2205 1273 2290 usque
1291 2185 1487 2267 memoria
1508 2163 1695 2290 adpellari
1717 2183 1777 2265 ait.
1847 2184 2016 2288 Egreffis

608 2339 616 2358 ·
754 2338 918 2428 portam
936 2313 1079 2422 aperiri
1096 2334 1285 2419 campum
1298 2312 1473 2394 ubertim
1488 2310 1692 2422 irriguum,
1703 2309 1945 2419 amplissimo
1954 2341 2016 2399 re-

526 2479 531 2486 ·
655 2499 658 2514 ·
758 2447 887 2560 gioois
906 2442 1033 2553 spatio
1049 2459 1091 2523 et
1115 2439 1264 2523 alendis
1284 2461 1421 2552 aptum
1439 2442 1548 2549 equis
1561 2447 1623 2545 ,in
1640 2465 1770 2549 eoque
1778 2437 1955 2528 Hormos
1964 2444 2015 2529 ad

755 2574 938 2666 Maeotin
954 2593 1075 2679 usque
1095 2567 1253 2671 colere,
1288 2572 1356 2680 qui
1373 2567 1570 2655 inoffenso
1581 2571 1713 2654 itinere
1723 2571 1893 2676 usquein
1911 2572 2009 2658 Ibe-

753 2705 858 2790 riam
877 2703 949 2787 hac
969 2722 1186 2783 excurrere
1202 2699 1349 2809 possint
1367 2701 1532 2808 equites,
1555 2701 1629 2785 alia
1646 2701 1705 2784 via
1726 2722 1801 2782 nec
1816 2697 1896 2782 stne
1912 2697 2015 2788 sum.

566 2835 568 2845 '
676 2919 679 2926 ,
753 2859 824 2920 ma
842 2830 1061 2935 molestia,
1104 2852 1178 2912 nec
1219 2829 1286 2913 nist
1329 2827 1481 2913 omissis
1502 2833 1614 2940 equis
1639 2827 1841 2940 penetrari
1864 2831 2014 2919 eodem

752 2961 866 3075 posse
909 2993 918 3048 :
971 2959 1122 3044 necesse
1170 2958 1274 3042 enim
1317 2956 1397 3042 else
1444 2961 1670 3080 praecipitia
1727 2960 1928 3046 montium
1973 2981 2013 3047 et

703 3143 714 3156 -
753 3089 949 3180 ansraelus
985 3114 1076 3175 cum
1108 3085 1327 3172 discrimine
1371 3093 1603 3199 perreptari.
1702 3089 1806 3175 Eam
1862 3093 2012 3176 montis

753 3221 1089 3328 claustrorumque
1142 3235 1323 3301 naturam
1366 3213 1651 3304 Alexandrum
1696 3221 2011 3329 contemplation

759 3371 923 3464 portam
942 3346 1135 3433 muniuiffe
1154 3346 1277 3431 ualuis
1294 3368 1335 3430 et
1354 3347 1552 3431 castellum
1568 3337 1689 3460 super
1701 3373 1749 3432 ea
1768 3343 1953 3458 postire,
1969 3370 2011 3436 vt

625 3568 630 3578 ,
749 3479 1089 3590 septemtrionales
1115 3474 1297 3586 populos
1327 3477 1558 3570 includeret,
1639 3471 1746 3562 Cum
1782 3473 2009 3589 Procopius

751 3609 937 3720 Caspium
955 3630 1117 3722 portam
1135 3605 1241 3711 dicit,
1275 3631 1371 3713 quae
1389 3627 1472 3691 erat
1486 3602 1705 3710 Caucasea,
1725 3631 1773 3690 ea
1791 3609 2007 3694 veursmul.

754 3761 893 3825 torum
910 3735 982 3819 suit
1001 3734 1194 3839 offensm,
1228 3731 1402 3845 utsupra
1424 3761 1447 3820 e
1470 3729 1601 3834 Plinio
1624 3731 1752 3819 docui.
1777 3737 1832 3822 Et
1852 3739 2009 3827 iserrur

755 3866 859 3953 'adeo
876 3864 1006 3949 infecit
1029 3889 1171 3952 ornnes
1189 3862 1428 3974 scriptores,
1450 3885 1497 3948 vt
1518 3887 1611 3948 cum
1630 3855 1794 3950 nomine
1810 3873 2007 3954 memoria

749 3997 835 4109 ipsa
853 3991 1139 4088 Caucasearum
1165 4014 1370 4103 portarum
1395 3993 1594 4105 paullatim
1618 3992 1855 4083 aboleretur.
1921 3982 2004 4084 Ca.

750 4127 920 4238 spiarum
942 4145 1067 4210 autem
1091 4143 1302 4232 portarum
1326 4119 1443 4235 (quae
1459 4147 1514 4206 ex
1540 4147 1592 4205 eo
1608 4121 2008 4232 temporocelebrio

745 4283 815 4342 res
834 4251 1052 4368 euaserunt)
1078 4255 1176 4342 hanc
1195 4251 1506 4366 descriptionem
1514 4251 1738 4372 Eustathius
1751 4252 2002 4340 Thessaloni
2049 4265 2053 4272 '

1921 4407 2008 4475 cen·

703 4654 710 4672 ’
853 4635 920 4764 (rr
979 4627 1250 4760 auf-cr-
1312 4535 1750 4758 (sira-carana
