4298 5952
600 433 980 642 currrraaa.
1087 551 1090 558 ·
1229 623 1246 650 ο
1354 495 1472 622 265·

54 833 64 848 ,
171 741 497 864 numerabilibus
518 739 664 829 osculis
690 739 888 854 pertusam
915 743 995 828 esse
1018 740 1170 854 absque
1195 741 1446 834 dubitatione

167 877 451 985 pronuntiant.
518 873 808 986 Experimento
822 894 964 956 tamen
980 893 1065 958 non
1084 873 1247 960 invenio
1267 931 1279 984 ,
1297 881 1351 964 uti
1367 865 1439 964 ne·

20 1067 25 1080 .
48 1096 51 1102 ¹
168 1002 390 1092 cessarium
408 1007 484 1112 est,
508 1004 558 1118 ad
576 1004 866 1090 dubitationem
883 1027 1052 1089 omnem
1071 1005 1300 1094 'tollendam
1320 1071 1334 1115 ,
1358 1011 1444 1096 nul-

167 1134 212 1220 la
239 1160 401 1247 quoque
429 1137 629 1222 rationum
672 1139 920 1256 momenta,
969 1133 1115 1250 quibus,
1133 1141 1438 1246 experimento-

166 1289 267 1354 rum
295 1265 469 1376 desestus
496 1261 725 1378 suppleatur.
804 1259 923 1352 Nam
952 1317 965 1370 ‚
1001 1264 1112 1375 quod
1146 1265 1256 1376 chyli
1280 1271 1443 1378 copiam

167 1396 334 1494 attinet,
358 1398 540 1482 norimus
561 1390 881 1496 distributionem
901 1393 1006 1505 chyli
1022 1419 1105 1481 non
1128 1399 1276 1510 raptim
1308 1449 1321 1504 ‚
1375 1394 1443 1486 sed

165 1521 385 1612 successive
415 1525 584 1636 perfici,
628 1525 723 1611 hinc
756 1547 840 1608 non
873 1543 993 1610 tauto
1019 1523 1270 1616 vasculorum
1296 1555 1436 1615 nune-

165 1677 222 1740 το
238 1679 343 1767 opus
359 1653 439 1742 else
459 1709 472 1762 ,
493 1656 543 1741 ad
569 1654 729 1764 chylum
758 1651 1081 1748 exhauriendum.
1166 1655 1293 1774 Quod
1312 1681 1444 1769 poros
1481 1733 1486 1742 .

11 1803 12 1810 ‘
164 1785 311 1872 attinet
336 1785 633 1886 creberrimos,
677 1785 718 1867 in
735 1783 928 1867 intestinis
955 1781 1224 1889 obscuratos,
1257 1789 1441 1873 novimus

164 1931 316 2017 cerm,
345 1937 368 2000 a
396 1911 510 2026 poris
529 1917 572 2032 in
593 1911 763 2024 palam,
796 1909 1031 2024 oesoplrago
1060 1911 1335 2001 &stomacho
1369 1902 1467 2002 err--

159 2043 392 2147 stantibus,
416 2044 524 2141 haud
551 2040 726 2130 diversos
750 2040 930 2154 adeoque
951 2041 1226 2148 glandularum
1248 2043 1438 2132 intestina-

157 2171 274 2258 lium
289 2191 444 2260 tantum
457 2173 647 2260 emissaria
664 2167 755 2260 else.
827 2169 958 2290 Quod
980 2171 1152 2286 denique
1175 2171 1436 2284 frequentiam

159 2299 463 2414 chyliferorum
488 2304 529 2388 in
554 2307 702 2396 extima
722 2299 926 2412 superficie
952 2303 1124 2407 attinet,
1168 2303 1234 2388 etsr
1261 2329 1308 2390 ea
1328 2303 1436 2414 ibper

160 2450 302 2520 totam
328 2434 496 2520 intestini
524 2431 773 2544 superficiem
802 2496 817 2538 ,
863 2459 1012 2545 magna
1052 2431 1268 2542 copiasne
1294 2432 1433 2522 ordine

11 2609 12 2614 Ν
162 2559 389 2654 discurrere
461 2562 664 2650 nonnullis
732 2558 861 2648 risum
922 2563 969 2648 srt
1020 2623 1037 2669 ,
1101 2551 1298 2648 incertum
1354 2565 1426 2678 ad.
1503 2639 1512 2652 .

159 2689 245 2780 huc
268 2691 323 2780 est
353 2743 366 2792 ‚
407 2719 582 2806 quanam
616 2695 717 2780 irruas
742 2691 842 2802 lege,
861 2687 1088 2780 enascantur
1114 2684 1133 2773 s
1182 2719 1231 2776 an
1248 2715 1432 2784 nunerus

158 2823 341 2910 iutemus
356 2824 593 2931 respondeat
607 2821 794 2908 exteriori
813 2824 890 2907 &c
954 2821 1073 2907 Plura
1088 2847 1172 2904 non
1190 2822 1431 2936 addam,quia

160 2953 258 3038 satis
276 2971 461 3060 apparet,
489 2974 629 3038 nonut
651 2953 859 3057 assertam,
890 2947 956 3036 sed
971 2969 1013 3036 ut
1035 2953 1299 3037 coniecturam
1326 2958 1431 3040 acci·

157 3071 358 3192 piendum
375 3069 482 3185 else,
520 3081 703 3194 quicqru'd
725 3078 838 3189 super
853 3081 1005 3194 origine
1020 3079 1205 3194 rasorum
1220 3081 1431 3190 chylifero-

160 3233 263 3298 rum
318 3208 369 3292 ab
426 3212 660 3296 anatomicis
705 3210 892 3298 haetenus
947 3207 1191 3322 divulgamm
1236 3212 1306 3295 elb
1388 3213 1432 3301 Si
1477 3247 1479 3250 ·

161 3338 312 3426 nostrae
352 3335 652 3424 observationes
696 3365 805 3452 aegre
854 3339 979 3424 fidem
1031 3338 1252 3424 invenerint
1277 3379 1302 3445 ·,
1344 3348 1481 3454 quia'

56 3488 61 3505 ·
162 3471 233 3556 rel
250 3490 369 3552 norae
390 3466 457 3555 rel
476 3465 709 3554 difficilioris
725 3468 924 3574 indaginis
945 3465 1060 3574 sunt,
1094 3492 1177 3552 non
1195 3463 1323 3554 srnnus
1336 3474 1424 3557 uel.

162 3601 216 3684 de
252 3598 506 3702 succensuri,
549 3600 639 3709 quia
670 3597 858 3710 singulari
899 3595 1067 3683 artificio
1100 3594 1221 3684 nobis
1253 3601 1430 3688 revelata
1511 3634 1514 3638 ·

161 3727 251 3815 saint
264 3781 276 3830 ,
310 3746 550 3840 quecunque
563 3727 696 3814 hocce
709 3727 856 3836 scripto
872 3728 1138 3814 continentur.

272 3855 408 3954 Locus
422 3859 564 3971 aliquis
581 3857 772 3968 separatus
796 3859 837 3942 in
861 3880 965 3942 cavo
989 3857 1158 3942 intestini
1188 3857 1319 3944 exstat
1338 3891 1363 3966 ,¹
1385 3861 1427 3946 in
1451 3847 1646 3971 Origines

161 4015 245 4100 quo
276 3973 304 4088 ‚¹
328 3990 471 4102 reliqua
499 4006 585 4074 tota
611 3985 815 4096 superficie
836 3980 1011 4091 exclusa,
1040 3985 1190 4074 radices
1208 3987 1426 4098 chylifero·
1447 3988 1625 4103 vasonem

161 4143 257 4240 rum
281 4118 462 4216 dustuunr
489 4115 552 4206 seu
575 4141 718 4204 eorum
747 4114 880 4204 oscula
901 4115 1133 4223 irnplentata
1155 4115 1251 4204 sant
1315 4112 1424 4204 Haec
1447 4115 1648 4234 cbrlifde»

165 4247 423 4354 iampridem
455 4241 866 4353 celeberrimi‘Angli
882 4241 1055 4352 cogitata
1075 4242 1198 4355 fuere,
1221 4250 1278 4338 uti
1296 4247 1425 4337 rerba·
1441 4247 1567 4345 tedi'ae.

164 4361 468 4484 ipfiustestanuu
498 4407 508 4463 ε
536 4385 563 4430 “
582 4371 757 4490 Fortasse
771 4372 895 4463 laura
904 4372 1066 4487 replicas
1076 4371 1244 4486 imeslt'ut'
1252 4379 1420 4488 terni„

95 4615 97 4622 y
155 4521 280 4616 uota,
296 4507 570 4608 tenuiorem&
587 4506 709 4620 magis
727 4499 906 4620 aquosam
925 4502 1177 4619 culparum
1199 4493 1425 4624 absorbent3
1455 4475 1631 4624 cluonp,

281 4691 290 4706 ·
598 4643 603 4656 '
765 4631 835 4726 ut
972 4659 976 4669 ·
1049 4713 1057 4726 .
1291 4633 1425 4753 “saut
