4352 5962
500 449 597 574 DE,
621 447 1059 557 attoariarum.
1093 515 1099 522 -
1215 383 1219 390 Ι
1357 483 1463 580 331·
1510 387 1514 392 Ι

192 690 274 780 eius
288 667 514 780 stmmltatt
529 687 573 774 in
588 711 617 774 a
630 685 873 778 ascensuram
889 688 1012 788 tribus
1028 685 1238 778 minimum
1260 686 1442 778 lineissu-

190 819 317 933 prad.
387 815 526 904 Posset
538 805 656 932 igitur
669 821 861 929 expansio
877 822 955 908 eius
974 845 996 906 a
1017 820 1152 908 calore
1170 818 1335 907 ueniens
1353 818 1442 906 sub-

192 947 284 1036 inde
300 948 456 1056 agnosci
468 946 809 1060 per‘altiurdinem
832 947 877 1036 ed
892 947 1010 1059 supra
1026 949 1056 1036 d
1068 945 1354 1062 assurgentem:
1379 973 1446 1035 ea-

191 1080 361 1189 demque
374 1080 427 1164 ad
440 1095 566 1164 totum
585 1075 753 1188 spatium
768 1078 862 1166 aede
878 1081 1129 1192 comparari;
1152 1081 1271 1192 idque
1287 1079 1448 1166 uellam-

189 1197 349 1320 pliciter
372 1227 452 1318 pro
471 1207 721 1322 longitudine
741 1211 890 1296 horum
909 1209 1128 1322 spatiorum
1144 1209 1190 1296 ed
1204 1214 1257 1310 &U
1269 1207 1388 1314 acie,
1417 1209 1449 1295 sa

115 1409 126 1420 .
189 1334 364 1424 tubulum
379 1335 573 1447 supponas
589 1339 843 1445 sensibiliter,
878 1339 1074 1452 &quoad
1092 1337 1441 1451 hostespedlusae-

188 1464 419 1578 quabilem;
439 1466 505 1552 uel
522 1469 552 1556 si
571 1465 691 1554 hasce
709 1472 828 1591 etiam
843 1469 1026 1554 minutias
1040 1467 1233 1580 respicere
1248 1465 1368 1574 uelis,
1393 1490 1447 1552 o·

185 1592 383 1705 paofiori
398 1598 616 1682 examine·
660 1595 846 1714 Itaigitur
861 1597 1176 1686 ratiodenfitatit
1193 1599 1380 1685 Mercurii
1395 1596 1447 1682 ab

77 1723 80 1728 ’
186 1728 538 1836 uoo'temporead
555 1724 942 1818 aliudinndtesceret
959 1709 1282 1836 :Con'ssquenter
1299 1725 1441 1835 praeci-
1568 1745 1574 1750 ·
1733 1731 1738 1744 ·

183 1851 445 1966 sagravitatis
459 1849 756 1967 Atmosphaerae
773 1854 953 1944 mensura
974 1859 1289 1965 omnitempore
1307 1851 1449 1936 delini-
1619 1935 1626 1944 ,

181 2001 230 2070 ta
241 1981 365 2082 soret,
429 1981 683 2074 Haberentur
700 1988 810 2072 enim
826 2009 907 2097 pro
925 1988 1245 2098 omnitempore
1263 1980 1441 2070 altitudi-

183 2137 260 2200 nes
276 2113 464 2202 Mercurii
481 2115 524 2200 δι
541 2113 758 2202 densitates.
1224 2215 1229 2221 ,
1372 2183 1374 2188 .

169 2249 175 2258 ’
310 2239 481 2330 XXIX.
545 2238 678 2337 Favet
692 2247 778 2332 huic
797 2241 997 2330 methodo
1022 2241 1207 2330 sententia
1220 2231 1448 2348 Ammonis,

152 2448 156 2454 .
186 2363 459 2482 quimonet,*
478 2367 811 2488 sterperimento
827 2373 1039 2481 didicisse,
1072 2375 1181 2484 quod
1206 2365 1294 2456 tubi
1307 2367 1442 2458 Baro-

185 2517 396 2586 metrorum
412 2495 596 2588 ordinarii
619 2499 762 2590 nullam
779 2527 807 2586 a
820 2497 973 2614 frigore
987 2500 1291 2617 constrictionem
1310 2565 1321 2607 ,
1342 2492 1449 2586 anta
1545 2537 1549 2546 ·

186 2631 324 2717 calore
351 2630 649 2741 ampliationem
680 2631 894 2720 senfibilem
928 2635 1140 2742 patiantur.
1204 2625 1304 2716 Hoc
1336 2631 1450 2716 enlm

184 2756 414 2870 pharmaco
428 2761 635 2872 prioribus
655 2761 799 2848 addito
823 2824 836 2866 ,
867 2759 963 2852 nihil
979 2761 1154 2882 amplius
1180 2761 1230 2847 ad
1251 2758 1444 2872 attiagen-
1630 2755 1636 2762 '

184 2889 282 2976 dum
295 2887 670 3003 scopumnostrum'
687 2889 894 2977 defiderari
908 2887 1026 3004 posse
1047 2889 1180 2974 uideo.
1246 2884 1451 2975 Solame-

185 3019 277 3104 nim
305 3018 389 3105 hnc
422 3020 565 3106 anxios
588 3045 665 3108 noa
689 3018 842 3114 habere
866 3020 1028 3129 posset,
1061 3017 1234 3130 quod&
1250 3015 1452 3103 uitruma
1524 3077 1526 3084 ,

185 3145 348 3259 frigore
363 3147 646 3256 contrahatur,
666 3151 708 3240 dt
726 3175 748 3236 a
766 3149 900 3237 calore
916 3148 1189 3260 expandatur,
1206 3163 1327 3256 atque
1344 3145 1452 3231 adeo
1596 3251 1600 3257 ¹
1740 3263 1745 3270 ι

183 3276 482 3366 incrementum
499 3278 715 3367 uoluminis
726 3277 920 3370 Mercurii
935 3276 1093 3390 semper
1106 3277 1229 3384 maius
1245 3275 1293 3364 fit
1312 3273 1355 3362 in
1377 3299 1445 3360 aa·
1528 3293 1550 3380 j

184 3405 308 3510 lore,
344 3429 464 3520 quam
481 3407 537 3494 eli
553 3403 725 3496 soliditas
744 3433 841 3497 cata
866 3407 989 3494 tubuli
1012 3403 1059 3494 ed
1076 3423 1314 3498 memorata.
1379 3399 1445 3492 O-

187 3535 383 3647 ptandun
400 3538 532 3650 itaque
545 3537 671 3644 soret,
696 3555 738 3626 ut
756 3541 797 3628 dt
817 3539 943 3624 altera
968 3538 1056 3624 haec
1072 3535 1167 3628 Viti
1185 3534 1341 3648 egregii
1356 3529 1446 3619 sen-

86 3735 92 3752 ,
187 3667 311 3754 tentia
348 3666 498 3752 modo·
517 3666 724 3775 indicata,
751 3667 794 3758 dt
823 3669 943 3781 prior
981 3664 1234 3782 expansionis
1271 3661 1450 3752 menstra

188 3803 224 3916 §-
243 3787 714 3907 auarentexptoraae.
1336 3859 1339 3868 .
1406 3905 1411 3914 .

307 3925 459 4012 XXX.
521 3919 674 4015 Fateor
692 3943 822 4016 autem
834 3925 981 4015 inuitus
1002 3980 1015 4033 ,
1050 3947 1121 4013 me
1139 3922 1319 4012 nondum
1335 3913 1453 4008 omni

189 4049 319 4141 dubio
345 4053 560 4142 liberatum
585 4059 665 4146 else
690 4109 704 4160 ,
728 4082 805 4170 per
821 4058 1096 4169 experimenta
1108 4056 1150 4148 ll.
1170 4077 1235 4148 tc.
1255 4048 1446 4166 propos·

188 4201 243 4274 ta.
309 4179 533 4276 Persuasum
552 4185 654 4276 utlhi
676 4187 732 4276 esi
746 4211 823 4302 per
839 4187 1119 4302 experimenta
1130 4181 1448 4274 thermometro·

760 4315 894 4410 Tra
1304 4335 1453 4450 ¹aurat,
1617 4397 1621 4404 ,

307 4555 343 4634 *¹¹
401 4593 441 4660 u.
470 4547 677 4669 *Manain
696 4569 745 4662 de
761 4568 911 4671 lassad.
940 4589 1076 4701 1704
1094 4583 1142 4689 p.
1166 4585 1277 4688 373.
