4298 5952
570 449 1054 616 marmorum
1372 521 1480 626 ιω
1555 475 1570 576 .’

157 769 162 776 ’
190 735 261 834 'lia
281 735 489 829 filamenta
506 729 637 822 multo
655 733 787 844 magia
806 725 956 822 subtilia
981 749 1097 843 atoue
1112 725 1168 820 ita
1189 709 1404 843 dispolio,
1434 748 1482 824 ur
1657 719 1667 736 ’

203 871 436 984 cylindrum
453 889 597 954 cauum
618 862 836 950 efformem
857 865 1087 976 proncipio
1107 865 1193 950 hnc
1211 862 1477 955 lilameutaut

206 1005 299 1094 laxe
319 999 477 1112 quidem
495 999 595 1086 inter
613 991 653 1078 se
672 1017 877 1102 connexa,
906 991 974 1080 sed
1000 1021 1086 1108 quae
1104 989 1336 1100 tamennon
1355 993 1475 1086 facile
1619 1009 1622 1016 '

207 1132 493 1222 extenduntur:
520 1129 578 1213 ita
594 1127 669 1214 fiet
684 1145 727 1212 ut
745 1149 839 1214 cum
858 1126 1010 1221 cavitas
1031 1124 1149 1214 fibrae
1173 1126 1476 1239 longitudinalia

203 1265 392 1366 inflante,
419 1261 619 1350 filamenta
643 1258 754 1344 circ'a
772 1254 956 1348 medium
975 1257 1257 1368 aliquantulum
1273 1282 1296 1342 a
1311 1251 1349 1344 se
1367 1258 1483 1358 inuia

110 1477 116 1498 ,
209 1419 301 1482 cem
315 1391 505 1482 recedant
516 1443 530 1496 ,
565 1385 632 1474 sed
652 1389 691 1474 in
708 1387 1004 1500 longitudinem
1025 1413 1168 1498 parum
1186 1387 1253 1476 vel
1270 1385 1365 1472 nihil
1385 1412 1475 1476 cre·

39 1531 48 1540 “
207 1525 332 1620 scant.
396 1517 588 1628 Concipe
602 1517 807 1632 filatarum
838 1518 1159 1630 quamplurima,
1190 1539 1364 1630 quorum
1391 1544 1464 1606 ex·
1479 1509 1582 1648 ‘Flg‚
1603 1563 1635 1632 ι,

206 1676 335 1744 trema
358 1653 434 1740 suut
453 1673 502 1739 at
521 1651 565 1735 dt
592 1648 643 1736 bd
655 1649 710 1734 ita
726 1650 817 1735 laxe
843 1649 947 1734 inter
965 1650 1004 1734 le
1022 1671 1208 1732 connexa
1224 1665 1272 1732 ut
1286 1643 1401 1736 facile
1422 1649 1475 1738 bd

206 1785 328 1900 polilt
347 1783 485 1870 deduci
504 1777 554 1865 ab
573 1805 645 1888 ac,
676 1805 764 1890 quae
785 1769 1282 1890 aureminlongitudtnem
1302 1777 1474 1866 difficnl·
1497 1854 1502 1864 .

205 1937 268 2006 ter
287 1902 569 2002 extenduntur.
633 1907 785 2020 Cogita
814 1906 907 1991 dein
939 1908 1012 1993 ista
1041 1907 1248 1994 filamenta
1275 1907 1326 1992 in
1346 1910 1471 2020 cylin⁴

206 2047 329 2134 drum
345 2037 539 2126 convolvi
555 2038 635 2143 ita,
658 2057 699 2124 ut
714 2060 759 2124 ac
774 2039 817 2124 dt
834 2034 887 2122 bd
900 2037 952 2121 ad
965 2036 1004 2123 se
1018 2037 1189 2148 inuicem
1209 2037 1489 2143 accedanu&

202 2174 260 2266 lic
277 2169 448 2260 babebis
468 2167 619 2256 libram
634 2163 992 2274 longitudinalem,
1013 2166 1171 2278 qualem
1184 2166 1297 2252 videa
1320 2193 1473 2280 repra·
1492 2158 1532 2253 F
1529 2166 1584 2284 ig.
1608 2183 1650 2262 n.
1673 2255 1679 2272 ,

203 2304 483 2412 sentatan-per
502 2291 610 2388 AB.
674 2293 842 2385 Caritas
861 2317 992 2384 autem
1008 2323 1095 2408 qua
1112 2300 1265 2385 interne
1281 2297 1470 2411 relinqui·

205 2455 273 2524 tur
289 2435 445 2542 semper
456 2427 608 2540 repleta
625 2427 682 2512 est
699 2423 903 2534 sanguine,
930 2427 975 2514 id
989 2426 1100 2539 quod
1121 2427 1212 2522 satit
1228 2449 1397 2540 apparet
1412 2449 1471 2516 ex

103 2614 110 2625 ·
206 2566 401 2659 fibrarum
419 2558 672 2646 rubedine&
695 2555 999 2668 superveniente
1015 2558 1158 2646 colore
1177 2558 1382 2646 albicante
1404 2612 1417 2662 ‚
1440 2558 1474 2646 sr

144 2771 148 2778 .
208 2722 283 2808 per
308 2691 470 2781 musculi
489 2684 677 2778 arteriam
703 2688 934 2780 inteniones
959 2689 1058 2777 fiant
1083 2714 1177 2776 cum
1194 2714 1293 2802 aqua
1312 2687 1466 2799 tepida.

208 2823 260 2914 I'n
285 2821 510 2912 teudinibus
525 2819 641 2908 fibra
667 2815 874 2934 solidiores
896 2814 979 2906 sunt
1004 2822 1047 2907 dt
1064 2819 1365 2940 compactiones
1384 2843 1471 2906 nec

207 2952 497 3070 proiniangnis
511 2951 671 3074 iduum
684 2951 878 3038 caritates
894 2947 1029 3052 subire
1043 2949 1177 3065 potell
1192 2947 1322 3063 3unde
1346 2950 1467 3038 color

205 3086 348 3181 albus.¹
478 3105 480 3112 ’
1068 3124 1075 3141 ·
1434 3148 1448 3164 ,

311 3195 390 3334 VJ
436 3203 574 3324 Pergo
598 3211 649 3298 ad
665 3208 838 3334 fibrillas
856 3204 1172 3324 tratuutrsales:
1198 3207 1269 3299 hae
1289 3209 1472 3298 uidemur

201 3342 583 3460 perpendiculariter
598 3343 787 3447 incedere
801 3345 917 3458 luper
927 3343 1399 3462 fibrisflongitudinalibun
1417 3340 1467 3429 ad

206 3495 340 3562 certas
357 3473 545 3590 quasdam
566 3473 762 3560 distantias
787 3507 797 3563 z
828 3473 1112 3562 connedruunar
1136 3474 1355 3566 earundem
1380 3461 1468 3584 ope

163 3645 170 3658 ·
199 3603 566 3718 fortiterfilatttenta
582 3603 709 3692 fibras
723 3603 1026 3714 longitudinalet
1040 3611 1326 3717 componentia
1349 3631 1358 3686 a
1380 3629 1461 3717 po-

207 3761 265 3824 no
281 3741 387 3824 anun
405 3734 570 3822 fibrillas
585 3733 856 3825 uansverlales
880 3738 932 3822 ab
956 3761 1036 3824 uno
1063 3735 1272 3824 filamento
1291 3739 1340 3824 ad
1366 3735 1467 3822 aliud

208 3871 432 3980 procedere
448 3867 581 3978 licque
593 3886 722 3952 totam
750 3867 899 3954 fibram
921 3865 1263 3978 longitudinalem·
1277 3868 1466 3978 amplecti

98 4081 102 4090 .
204 3995 327 4086 instar
347 3998 478 4084 annuli
500 4026 516 4104 ·,
538 3997 638 4082 talea
651 3995 804 4084 fibrillae
817 3994 1097 4083 transversalet
1122 3993 1164 4080 in
1182 3997 1313 4110 ligura
1328 4000 1464 4109 prima

211 4130 486 4237 exprimuntur
501 4153 575 4238 per
593 4130 719 4214 lineas
736 4124 933 4242 efigbdoe.
949 4131 992 4214 δι
1008 4127 1048 4210 in
1065 4124 1375 4238 figurasecunda
1384 4150 1461 4241 per

210 4259 392 4346 circe-llos
404 4252 491 4362 EF,
509 4252 593 4346 GH
607 4261 683 4344 dte.
705 4244 821 4371 atque
837 4259 890 4344 suc
910 4259 1090 4360 diuiditur
1113 4259 1258 4343 cavitas
1276 4261 1396 4350 totius
1417 4257 1464 4343 f·

208 4385 294 4472 brae
315 4387 660 4498 longitudinalis'in
675 4389 785 4499 plura
805 4379 1061 4474 loculamhrta
1076 4384 1158 4500 (alii
1170 4387 1465 4474 machlrrulardb
1778 4477 1785 4492 ¹

204 4513 323 4634 cunt)
338 4517 452 4631 quale
460 4515 520 4602 eli
530 4541 570 4610 a.
588 4543 647 4632 gt.
671 4513 1180 4762 EFGssipconmprehenlirn
1194 4523 1296 4608 inter
1309 4517 1470 4730 dum:
1604 4635 1610 4650 .
