4376 5952
697 568 778 646 'no
1090 531 1190 640 DE
1226 477 1596 653 Mensura
1660 461 1666 471 ¹

707 770 1112 895 reugioosciliatorio
1135 713 1326 870 exhibuit.
1405 769 1589 896 Quodsi
1613 799 1712 868 uero
1739 776 1891 874 summa
1911 784 1970 878 ui-

705 915 807 1000 rium
828 907 1048 1026 globorum
1073 903 1122 992 A
1139 913 1181 995 &
1209 908 1415 1017 Bexponi
1435 905 1561 1024 debet
1570 933 1643 1020 per
1662 913 1808 1000 sacuam
1824 941 1880 1000 ex
1901 917 1972 1003 de·
2125 894 2128 904 ¹

707 1038 839 1128 scensu
859 1045 983 1155 centri
997 1040 1200 1153 grauitatis
1218 1063 1362 1124 eorum
1382 1039 1422 1122 in
1437 1034 1631 1125 summam
1651 1044 1894 1149 ponderum,
1928 1049 1973 1134 dc

704 1167 855 1257 sunma
871 1171 1010 1257 uirium
1038 1169 1252 1256 earundem
1276 1194 1352 1279 per
1373 1153 1590 1262 saetuumex
1611 1166 1762 1258 ascensu
1788 1173 1967 1262 eiuudern
2099 1251 2102 1260 Α

707 1301 834 1386 centri
852 1299 1053 1414 gravitatis
1077 1299 1295 1411 globorun
1318 1291 1368 1382 A
1386 1299 1429 1383 δι
1447 1293 1513 1399 Β,
1547 1297 1588 1382 in
1601 1293 1797 1388 summam
1813 1303 1968 1415 ponde-

492 1443 497 1454 ’
577 1465 580 1474 ’
706 1453 796 1518 nun
815 1449 987 1537 conun‚
1020 1427 1158 1540 quidni
1184 1431 1286 1515 uires
1306 1426 1529 1513 eorundem
1545 1422 1722 1514 solitariae
1731 1457 1806 1542 per
1826 1425 1906 1518 Ant
1924 1436 1967 1522 δε

707 1584 784 1672 per
800 1555 862 1648 Ba
876 1579 966 1648 ante
984 1555 1157 1668 ipsorum
1175 1554 1446 1672 congressura,
1471 1556 1872 1672 &postcongreffiun
1894 1585 1968 1674 pec
2130 1671 2132 1674 ¹

592 1765 596 1770 .
707 1681 779 1799 Ap
801 1693 843 1775 dc
865 1687 934 1804 Bq
958 1711 1178 1799 exponere
1204 1691 1341 1775 liceret
1362 1689 1489 1774 immo
1517 1685 1711 1776 deberem
1735 1684 1753 1773 3
1780 1685 1859 1777 Sed
1882 1717 1967 1778 noo

708 1839 815 1926 opua
840 1817 955 1904 estut
972 1813 1060 1902 htuic
1081 1837 1312 1925 argiunento
1332 1818 1468 1904 diutius
1488 1815 1880 1930 infistunus,quando
1898 1821 1969 1906 alia

706 1949 977 2058 ptaestannora
992 1947 1032 2030 in
1046 1951 1243 2057 potestate
1256 1945 1370 2054 sunt·,
1396 1948 1497 2032 inter
1512 1942 1598 2029 haec
1616 1971 1714 2034 uero
1728 1945 1881 2036 nullum
1895 1950 1969 2036 mi-

534 2159 540 2168 ,
708 2075 748 2161 hi
756 2075 1133 2173 euidentiuauidetur
1142 2072 1490 2191 eo,quodnasciun
1499 2099 1555 2160 ex
1563 2077 1969 2166 confidentionemo

713 2203 754 2290 di
771 2259 786 2312 ,
819 2231 897 2318 quo
915 2205 978 2291 uis
993 2203 1122 2318 aliqua
1139 2209 1231 2292 viva
1246 2205 1349 2292 nasci
1368 2205 1487 2314 poisat
1503 2231 1557 2292 ex
1572 2205 1617 2290 oi
1634 2222 1803 2292 mortua.

531 2351 541 2370 ·
637 2391 647 2415 ·
806 2355 901 2456 ¹14.
929 2329 1007 2421 Ad
1033 2331 1295 2417 obtinendam
1318 2330 1542 2418 mensuram
1570 2333 1634 2414 uis
1659 2336 1760 2419 viuae
1786 2339 1968 2446 corporis

719 2465 984 2577 cuiuscumque
1016 2462 1139 2548 exui
1158 2463 1238 2550 eius
1258 2473 1442 2563 mortua,
1470 2459 1527 2544 ita
1542 2457 1734 2566 proceffi:
1749 2459 1806 2546 ob
1823 2463 1968 2552 ocuiot

657 2701 669 2714 ,
713 2597 811 2687 milti
843 2593 956 2708 posui
997 2617 1144 2702 corpus
1178 2613 1297 2706 grave
1328 2587 1367 2678 C
1406 2588 1554 2673 cadens
1584 2606 1700 2675 motu
1744 2593 1969 2682 naturaiiter

713 2729 934 2814 accelerato
958 2726 998 2811 in
1020 2716 1119 2812 linea
1142 2719 1322 2812 verticali
1342 2711 1460 2826 An,
1481 2720 1537 2804 ita
1561 2735 1602 2802 ut
1619 2737 1774 2806 motum
1798 2747 1820 2806 a
1838 2724 1969 2834 quiete

642 2841 645 2850 ¹
712 2858 878 2970 incipiat
888 2857 930 2938 in
945 2847 1008 2946 Α.
1075 2851 1193 2940 Initio
1208 2875 1310 2966 ergo
1329 2871 1462 2938 motus
1483 2847 1721 2962 vidicorpus
1739 2843 1779 2938 C
1798 2851 1907 2946 ani
1924 2850 1969 2936 ui

570 3058 574 3068 .
712 2988 802 3073 uiua
831 2983 1049 3067 destitutmn
1086 2982 1129 3065 in
1145 2979 1223 3089 A,
1246 2979 1337 3093 quia
1350 2979 1498 3067 nullum
1513 2977 1567 3064 ibi
1590 2999 1749 3066 monun
1760 2978 1905 3086 habet,
1923 2980 1967 3064 dt

714 3114 773 3201 tit
790 3115 881 3200 uiua
902 3108 991 3196 solis
1009 3111 1244 3222 corpon’bus
1263 3112 1349 3196 actu
1358 3112 1478 3196 motis
1494 3109 1690 3201 tribuitur.
1753 3109 1814 3200 Vi
1830 3129 1966 3196 tamen

712 3261 874 3332 mortua
892 3240 1043 3326 ibidem
1058 3236 1355 3350 praedinuneise
1373 3238 1496 3324 debet
1512 3243 1600 3350 quia
1619 3262 1764 3348 corpus
1777 3237 1965 3357 graueest

713 3371 758 3460 du
790 3371 1093 3458 detenrinanum
1117 3377 1228 3458 suum
1261 3368 1418 3482 pondus
1438 3368 1591 3474 habet,
1625 3369 1726 3454 hanc
1752 3374 1835 3456 vim
1845 3394 1958 3456 mor·

575 3579 579 3587 .
711 3520 822 3588 tutam
838 3500 1000 3610 exposui
1016 3525 1088 3608 per
1101 3499 1245 3588 lineam
1263 3499 1410 3584 nouam
1429 3491 1528 3604 Aa,
1556 3497 1666 3583 alteri
1681 3492 1772 3586 ΑΗ
1787 3523 1957 3610 perpen-
1999 3515 2006 3522 “
2074 3523 2078 3530 ’

711 3631 926 3714 dicudariter
938 3628 1202 3734 innuentem,
1232 3624 1299 3711 sed
1313 3627 1570 3735 posteaquam
1587 3626 1764 3712 delanun
1782 3628 1836 3712 est
1850 3629 1891 3710 in
1907 3629 1961 3734 E,

707 3756 763 3844 ibi
777 3757 863 3841 uim
882 3755 1051 3865 aliquam
1068 3756 1205 3844 uiuam
1221 3753 1303 3841 iam
1316 3753 1539 3864 acquifiuit,
1561 3757 1649 3866 quia
1667 3753 1967 3841 detennnannn

712 3887 881 3998 aliqruem
906 3883 1113 3970 celeritatis
1139 3885 1308 3994 gradum
1330 3883 1385 3967 ibi
1411 3881 1570 3968 naerurn
1595 3881 1673 3990 est,
1706 3879 1773 3965 sed
1797 3879 1964 3992 sepofita
2021 3989 2022 3992 w

709 4017 899 4132 tantisper
932 4013 1134 4102 celeritatis
1160 4015 1497 4120 consideratione,
1527 4012 1792 4118 indagandum
1818 4035 1960 4121 aquo,

709 4145 921 4257 quomodo
941 4199 954 4250 ,
976 4145 1017 4226 &
1039 4164 1223 4256 quantam
1236 4148 1319 4231 uirn
1336 4146 1470 4229 uiuam
1483 4141 1677 4224 lucratum
1691 4139 1744 4225 est
1759 4141 1800 4222 in
1815 4139 1853 4225 E
1868 4137 1963 4251 post

711 4272 934 4360 descensum
955 4298 1026 4382 per
1047 4271 1212 4382 spatium
1237 4269 1337 4360 AE.
1402 4265 1504 4356 Haec
1528 4287 1662 4352 autem
1684 4268 1746 4350 vis
1768 4271 1962 4354 uiua-non

711 4403 863 4490 aliunde
875 4399 1088 4512 corporiC
1108 4397 1296 4486 accessisse
1311 4395 1443 4505 potest
1462 4419 1580 4506 quum
1606 4399 1678 4482 avi
1693 4398 1773 4482 eius
1790 4411 1951 4504 mortua,

704 4515 803 4620 narn
821 4533 896 4619 alia
912 4531 976 4614 hic
993 4529 1274 4614 nonhabemus
1292 4521 1593 4629 confideranda,
1605 4511 1720 4635 quam
1736 4549 1883 4636 corpus
1900 4521 1956 4631 C,

712 4665 794 4752 eius
818 4661 1092 4776 grauitatem,
1125 4653 1348 4770 &spatium
1367 4677 1444 4770 per
1462 4655 1572 4766 quod
1594 4655 1734 4744 cecidit
1752 4650 1859 4764 Ao,
1876 4655 1959 4740 hoe

1866 4778 1959 4896 spa,
