4298 5952
657 379 1036 579 rrunrnrcrr.
1327 455 1330 464 ·
1434 501 1531 628 25³

262 718 345 815 tior
363 741 415 803 ex
431 739 475 800 ea
489 731 628 825 parte,
656 737 709 799 ex
726 741 807 826 qua
827 740 936 828 aquae
959 709 1127 804 rotantis
1148 709 1534 828 impulsus-advenio
1612 823 1613 828 Ν
1759 748 1830 819 Α

264 849 359 952 bat,
387 847 820 955 autuorexoppofita,
939 855 942 866 '
1184 899 1193 918 .

392 994 464 1096 14.
529 973 872 1088 Elegantissunum
903 975 971 1062 suit
990 972 1295 1086 spetlraculum,
1326 978 1435 1086 quod
1454 979 1525 1064 ad.

265 1099 383 1198 misso
395 1109 436 1189 in
451 1104 597 1190 maiori
615 1107 733 1214 copia
750 1111 870 1209 alite,
892 1109 933 1190 δι
956 1106 1141 1215 cylindro
1162 1106 1288 1191 adhuc
1303 1109 1418 1195 valde
1436 1137 1525 1194 am-

263 1239 356 1348 plu,
381 1233 702 1345 conspiciendum
719 1235 797 1323 sese
813 1234 1014 1346 praebuit,
1053 1238 1148 1320 dum
1173 1236 1326 1320 bullulae
1348 1240 1530 1350 quaedam
1549 1263 1626 1396 pig
1685 1294 1710 1398 ς

268 1373 394 1453 alireae
431 1389 515 1448 non
538 1362 750 1450 transibant
777 1383 960 1452 centrum
976 1367 1142 1450 vorticis
1157 1362 1332 1476 sphaerici
1354 1429 1367 1470 ‚
1389 1369 1458 1454 sed
1473 1395 1527 1458 ex
1628 1352 1638 1378 ⁹
1718 1350 1730 1374 ⁵

264 1496 390 1581 latere
407 1493 580 1598 dextro,
609 1492 797 1604 quorsum
814 1493 1053 1582 descendens
1075 1521 1177 1604 aqua
1193 1493 1525 1600 tendebat,sacie-

267 1623 360 1710 barn
385 1648 512 1736 gyros
535 1623 642 1731 quafi
668 1623 859 1734 ellipticos
875 1687 887 1728 ‚
906 1625 995 1708 aliar
1018 1647 1197 1710 centrum
1217 1625 1383 1710 vorticis
1406 1645 1544 1738 trans-¹
1592 1653 1611 1740 ᾗ
1727 1738 1730 1746 Ι

267 1753 406 1866 greslae
424 1751 694 1860 spiras,quales
712 1777 787 1861 pro
796 1777 908 1836 motu
927 1753 1176 1862 planetarum
1189 1747 1369 1836 Cnslrnus
1381 1753 1526 1838 descri-
1671 1851 1675 1856 ,

258 1887 340 1994 psit
359 1883 401 1966 in
419 1881 611 1967 Memoir.
635 1878 687 1962 de
706 1879 874 1982 l’Acad.
904 1901 1093 1996 1709.p.
1115 1875 1217 1990 328.
1263 1873 1320 1962 Sit
1340 1875 1523 1970 LMNO

168 1999 170 2006 ’
264 2013 379 2100 settio
407 2010 612 2118 aequatoris
640 2070 652 2114 ‚
691 2011 757 2094 vel
780 2011 916 2096 circuli
934 2010 986 2096 ad
1016 2013 1124 2094 illum
1151 2006 1329 2117 paralleli
1355 2012 1394 2094 in
1411 2014 1522 2098 vitro

264 2128 464 2250 sphaerico
505 2169 515 2222 r
562 2131 621 2222 Sit
636 2131 811 2230 ABCD
846 2138 963 2226 sectio
989 2136 1524 2247 Cylindrizrepraesentabit
1677 2179 1682 2192 ·

263 2268 363 2356 abcd
389 2293 535 2380 gyrum
545 2296 667 2380 unum
687 2322 699 2372 ‚
735 2275 775 2354 ἃ
803 2263 984 2360 EFGHI
1008 2292 1134 2378 gyros
1158 2263 1306 2352 alteros
1326 2287 1524 2382 utcunque

265 2403 469 2512 expressos
491 2399 712 2482 imitatione
728 2399 927 2491 liberiori.
1272 2409 1278 2424 ‘
1304 2467 1310 2472 .

382 2545 453 2640 ις.
520 2523 628 2611 Cum
646 2527 843 2614 sisteretur
859 2519 993 2614 motus
1010 2525 1108 2614 vitri
1131 2582 1143 2631 ,
1170 2529 1211 2613 &
1237 2527 1434 2636 cylindrus
1454 2534 1522 2615 a'e'-

119 2649 125 2686 '
264 2679 503 2766 reoaqueus
529 2657 623 2740 esset
648 2658 824 2743 nonnihil
849 2661 1024 2768 amplior
1052 2713 1065 2759 ,
1098 2657 1178 2742 vidi
1205 2659 1296 2766 post
1315 2659 1522 2767 parvulam

264 2786 462 2872 morulam
480 2789 669 2871 coarctari
683 2787 906 2893 cylindrum
926 2788 1033 2871 illum
1050 2782 1176 2870 adhuc
1196 2807 1406 2896 gyrantem
1431 2839 1445 2892 ,
1480 2792 1533 2874 &-

264 2934 349 3000 turn
369 2917 534 2997 demum
549 2913 641 2996 fieri
657 2881 1082 3023 iteruffltmpliorem,
1105 2916 1148 2998 dc
1166 2914 1329 3007 dissolvi.

324 3087 328 3102 ι
390 3033 475 3132 16.-
527 3037 770 3128 Ascendere
787 3043 950 3128 tandem
970 3042 1128 3129 bullulas
1148 3045 1281 3128 a'e'rea's
1297 3045 1346 3130 ad
1362 3042 1523 3131 summi-

265 3186 417 3276 tatem,
453 3167 519 3251 sed
547 3175 718 3256 maiores
743 3173 952 3282 plerasque
969 3191 1082 3256 motu
1099 3157 1344 3282 retrogrado
1364 3175 1516 3284 potius,
1549 3247 1557 3256 ,

264 3326 387 3414 quam
407 3299 572 3390 directo,
597 3301 812 3412 Exprimat
829 3297 953 3390 ABC
975 3303 1228 3388 diredtioncm
1250 3327 1359 3411 aquae
1375 3305 1416 3385 in
1430 3301 1520 3388 vase
1545 3329 1625 3455 pig
1668 3339 1712 3429 6ο

259 3428 346 3516 'inm
376 3425 618 3540 quiescente.
676 3423 757 3515 3Sit
776 3431 811 3516 B
830 3429 1027 3516 summitas
1045 3431 1128 3516 eius
1162 3427 1520 3534 ,rotembullulr
1628 3415 1637 3437 ’
1714 3425 1720 3438 ‘

262 3557 479 3646 secundum
495 3574 615 3671 pqrs:
630 3557 820 3642 rariffime
839 3560 963 3648 siebat
991 3614 1004 3664 ‚
1036 3579 1079 3646 ut
1095 3561 1248 3644 veniret
1262 3583 1315 3644 ex
1338 3575 1370 3672 ρ·
1393 3584 1468 3668 per
1489 3592 1518 3678 q

261 3687 304 3772 in
324 3680 374 3794 B,
398 3688 464 3774 sed
482 3687 685 3772 venientes
701 3712 795 3800 exq
812 3714 887 3796 per
911 3693 996 3776 rin
1016 3715 1048 3796 r,
1077 3687 1169 3774 inde
1194 3687 1519 3796 regrediebantur

260 3817 509 3908 inuibuem
535 3817 802 3927 postmodum
822 3815 989 3906 haesmae.
1465 3911 1469 3918 .
1543 3927 1545 3934 y

378 3947 489 4036 XV.
552 3943 740 4053 Cetera,
760 3965 846 4056 quae
865 3950 906 4034 in
916 3949 1021 4034 hisce
1036 3942 1309 4044 tentaminibus
1326 3971 1382 4036 ex
1398 3972 1519 4036 occa·

156 4102 183 4185 j
263 4076 369 4164 sione
388 4072 697 4181 observavimus,
727 4073 808 4161 fere
824 4077 903 4162 huc
917 4081 1103 4165 redeunte
1660 4178 1669 4198 Ι
1809 4179 1812 4184 ,

383 4221 449 4314 17.
511 4202 620 4292 Cera
649 4203 922 4318 Hispanico&
949 4209 1135 4294 limatura
1152 4205 1291 4296 Martis
1311 4204 1514 4296 faciebant
1540 4219 1630 4350 Εἰς,
1656 4243 1704 4344 7,

262 4353 408 4418 nonam
436 4384 451 4442 ,
483 4333 563 4423 ssve
587 4333 797 4431 nodatur
823 4340 930 4452 quast
960 4338 1159 4452 quendam
1192 4337 1302 4428 circa
1337 4359 1516 4454 arquato·

186 4547 190 4556 ,
261 4485 365 4551 reru,

945 4595 1051 4714 113
1386 4593 1430 4690 18
1440 4595 1554 4690 ,Iu--
