4376 5952
1137 77 1141 85 ι

435 503 1183 658 ututuuuconnonun.
1239 598 1244 607 f
1414 581 1475 684 37

210 781 315 907 jessa
328 809 415 878 non
429 787 661 904 temporibus
675 785 904 904 aquaeue,
919 785 993 902 sei
1005 783 1242 901 ascendentia
1263 803 1335 906 per
1348 793 1493 898 altitu-¹

217 923 320 1007 ates
337 917 505 1034 equales
516 973 530 1023 ,
555 915 784 1033 refistentias
800 920 830 1002 ὰ
839 919 1052 1028 'gravitate
1073 919 1244 1036 aquales
1255 921 1473 1034 patiatur,

215 1055 256 1138 ἃ
288 1048 396 1136 hanc
429 1048 793 1159 ‚gravitatemaaa
810 1043 1150 1163 effeunisormem3
1184 1050 1291 1170 hunc
1323 1077 1475 1141 nexum

215 1179 297 1272 Vit
313 1177 506 1268 Eximius
521 1203 718 1289 nusquam
732 1177 925 1283 ostendit,
958 1181 1069 1301 aursi
1087 1207 1263 1300 unquam
1281 1184 1468 1268 ostende-
1491 1247 1499 1260 t
1657 1218 1673 1246 ·

213 1333 259 1394 re
277 1312 455 1422 poterit,
470 1306 569 1391 ntihi
586 1309 664 1392 erit
675 1334 844 1420 magnus
859 1301 1050 1423 Apollo;
1083 1313 1352 1428 intereavero
1369 1334 1474 1398 nunc

214 1439 401 1524 criticum
419 1439 506 1549 agit
519 1441 563 1524 ὃ(
579 1439 707 1522 enirn
717 1441 807 1524 'mei
819 1436 1300 1553 sensumnonexpress'um
1310 1442 1468 1548 uerbis,

198 1565 403 1656 seruatus
420 1569 499 1680 esi;
535 1569 747 1656 arbitratur
758 1569 868 1678 enim
882 1580 976 1654 inea
993 1573 1195 1681 opinione
1210 1593 1388 1680 corpora
1408 1572 1467 1658 as-

211 1700 425 1785 cendentia
449 1725 502 1784 eo
524 1701 659 1812 piures
676 1697 864 1812 impulsus
888 1701 912 1784 i
936 1702 1137 1806 gravitate
1165 1699 1350 1808 accipere
1363 1757 1375 1805 ‚
1390 1725 1473 1812 quo

210 1831 396 1916 velocior
410 1831 610 1916 semotus
623 1828 916 1928 ascensionem,
931 1829 1023 1934 quia
1041 1823 1357 1934 ipfiso'ccurrant
1372 1855 1467 1937 par.

209 1959 341 2046 ticulae
361 1987 450 2070 quae
471 1963 709 2070 grauitatem
728 1956 959 2072 producunt
971 1997 991 2059 ·,
1025 1979 1122 2064 quas
1148 1953 1366 2068 particulas
1388 1957 1473 2069 ipse
1504 2019 1506 2026 -

204 2085 730 2194 imaginariasvocat,haud
740 2085 864 2169 dubie
879 2085 986 2186 iden,
996 2085 1086 2191 quia
1110 2087 1294 2196 grauitas¹
1310 2083 1385 2193 ipsu
1412 2089 1472 2177 est
1545 2162 1553 2172 .

205 2211 382 2328 quantas
399 2211 555 2296 eaauta.
623 2209 706 2298 Sed
721 2209 903 2322 sepositis
913 2212 1013 2294 iocis
1020 2229 1086 2316 ,ut
1101 2214 1170 2308 CI.
1183 2215 1300 2304 Viro
1320 2213 1471 2303 direiie

205 2338 511 2454 respondeam:
543 2340 585 2422 in
603 2339 784 2449 pluribus
809 2339 912 2422 iocis
944 2339 1150 2448 praesentis
1173 2341 1471 2433 schediasmatis
1604 2419 1611 2428 .

206 2469 458 2584 geometrice
470 2465 670 2578 probatas
685 2468 788 2552 uidit
805 2463 879 2552 has
902 2466 996 2551 duas
1019 2472 1318 2583 propositiones
1350 2496 1385 2558 1.
1402 2477 1471 2565 Ex

208 2598 405 2710 eo‚·quod
428 2598 609 2706 grauitas
628 2594 841 2684 uniformis
853 2597 925 2702 est,
937 2597 1130 2688 mensurae
1145 2603 1299 2688 virium
1318 2627 1470 2716 corpo.

204 2725 331 2838 tam,
359 2727 501 2816 suntin
514 2728 750 2841 'composita
765 2729 925 2812 ratione
940 2753 998 2814 ex
1017 2731 1149 2816 massis
1176 2735 1220 2817 &
1248 2730 1464 2820 altitudini.

75 2963 79 2974 ¹
205 2860 280 2944 bus
307 2885 406 2972 quas
421 2863 464 2944 in
484 2860 612 2944 altum
626 2850 813 2970 projecta.
842 2857 1126 2946 velocitatibue
1159 2858 1374 2946 initialibus·
1394 2858 1470 2974 iis,

202 3013 308 3102 quas
325 2987 700 3101 corpornhebent,
731 3010 970 3098 percurrere
991 2989 1166 3100 posunt.
1229 3010 1276 3080 2.
1315 2975 1386 3076 Sin
1397 3017 1469 3077 ve-
1523 2999 1553 3122 Ι·
1708 3057 1710 3064 .

202 3142 258 3204 ro
281 3124 390 3205 nites
417 3119 497 3206 iliae
523 3119 645 3205 essent
670 3119 728 3203 in·
748 3117 978 3228 composita
1010 3123 1163 3206 ratione
1188 3115 1471 3228 mati'arum&

201 3268 450 3358 temporum
475 3247 751 3353 ascensionis,
791 3249 975 3358 gravitas
1000 3273 1082 3334 non
1113 3246 1374 3332 uniformiter
1399 3249 1467 3336 sed
1553 3305 1555 3308 -

198 3375 408 3464 subsultim
444 3394 600 3486 ageret.
660 3377 803 3485 Itaque
825 3376 870 3457 in
904 3373 975 3464 Ci.
1001 3370 1230 3486 Adversarii
1256 3373 1478 3484 hypothesi·

205 3505 385 3621 gravitas
402 3527 487 3589 non
504 3505 561 3591 est
576 3499 815 3606 uniformis,
840 3501 1023 3612 adeoque
1040 3495 1190 3586 Gniilei
1212 3499 1374 3589 theoria
1392 3507 1462 3593 de-

205 3639 382 3741 sinitur,
398 3660 488 3748 quae
503 3639 546 3722 in
560 3633 703 3717 nostro
720 3629 928 3739 systemate
945 3629 1233 3752 sina-testaque
1252 3653 1401 3722 monet.
1483 3680 1485 3686 2

326 3759 409 3851 Sed
433 3760 747 3854 examinandum
781 3760 839 3844 est
871 3784 998 3872 graue
1025 3780 1333 3868 argumentum,
1353 3763 1467 3875 quod

205 3893 288 3988 Vir
306 3893 375 3986 Cl.
394 3893 524 3981 eunuc
549 3910 696 4010 contre
714 3915 794 3974 noe
814 3889 992 3982 adducit.
1056 3887 1107 3977 Sa·
1124 3891 1194 3991 uis,
1211 3889 1466 4012 (inquitille)

208 4052 325 4139 quaen
342 4041 483 4138 corpus
501 4018 664 4109 caueae
677 4019 851 4132 acquirit
868 4022 919 4132 est
937 4029 983 4102 ut
998 4012 1178 4128 spatium
1211 4019 1460 4135 descriptum,

207 4153 411 4241 &vadatur
425 4167 573 4264 tempus
588 4152 628 4234 in
646 4146 992 4264 pertemptans,
1011 4141 1105 4254 etst'
1121 4147 1257 4258 primu
1277 4154 1464 4262 tempatis

203 4299 325 4394 parte
344 4273 522 4397 aequitat
539 4293 696 4394 partem
714 4303 828 4364 tanam
845 4277 1017 4374 virium,
1036 4275 1185 4360 duabus
1198 4280 1343 4389 primis
1359 4295 1456 4368 tena-
1475 4315 1490 4358 z

198 4415 314 4520 peris
340 4402 523 4522 partibtas
549 4409 734 4524 acquiret
767 4421 935 4522 quatuor
957 4405 1102 4493 virium
1125 4418 1301 4519 partes;
1336 4411 1463 4498 tribus

200 4541 345 4652 pateas
354 4541 540 4652 partibas
566 4538 744 4652 temporis
756 4538 932 4650 acquiret
953 4557 1089 4632 nomm
1106 4549 1254 4646 partes
1279 4539 1461 4648 virium,

205 4679 320 4764 etita
339 4669 525 4788 deinceps.
586 4661 727 4790 Quare
738 4665 905 4781 secunda
927 4667 1114 4783 temporis
1130 4679 1256 4778 parte
1277 4673 1464 4780 acquiret

813 4795 854 4884 E
889 4813 916 4905 3
1372 4808 1464 4885 tres
1583 4825 1586 4830 ·
