4352 5962
619 403 625 412 ’
706 443 1031 557 maroam.
1339 511 1349 520 -
1421 495 1511 596 373

245 706 345 798 tutis
365 732 458 796 ctun
477 703 648 795 subiedis
669 697 850 798 musculis
873 712 1017 826 ubique
1041 715 1226 804 locorum
1244 737 1511 834 praetetquam

242 837 776 950 inabdominealiquantum
806 843 982 955 collapu
1010 848 1331 947 claueoilendit.¹
1389 851 1500 942 Cun.

242 971 298 1057 oi
314 971 470 1081 sensus„
491 970 522 1056 fi
543 995 668 1054 unum
685 973 834 1086 uenum
845 1027 860 1078 ‚
873 978 942 1084 qui
959 1003 1036 1076 una
1055 1005 1146 1064 cum
1164 1001 1280 1066 motu
1298 977 1337 1064 in
1357 981 1506 1069 dextro

241 1097 389 1188 semine
403 1103 445 1190 dc
464 1125 582 1206 crure¹
594 1098 719 1190 hebes
734 1104 807 1212 est,
831 1107 1026 1220 excipias,
1042 1111 1183 1216 uigent
1203 1139 1217 1216 3
1235 1110 1356 1220 uigor
1376 1116 1505 1202 animi
1566 1223 1568 1228 Α

240 1258 486 1346 nequaquam
513 1230 674 1320 obnisus
700 1261 714 1348 3
741 1233 920 1348 supinum
956 1264 1105 1352 corpus
1128 1238 1286 1352 semper
1312 1295 1326 1345 ‚
1353 1243 1506 1331 uiribus

240 1363 506 1451 musctdorum
528 1362 685 1450 affediis
707 1427 720 1470 ‚
746 1368 876 1482 iacet;
899 1373 1135 1458 ventriculus
1158 1435 1171 1479 ‚
1205 1373 1502 1486 praecordiaque

240 1518 334 1578 cum
355 1493 496 1606 reliqui
516 1492 588 1576 imi
602 1495 751 1578 ventris
766 1521 912 1606 magna
928 1523 1068 1608 parte,
1090 1502 1129 1584 δι
1151 1499 1417 1586 uehementer
1437 1507 1495 1589 in-

237 1643 344 1710 tenta
362 1623 468 1730 sunt,
503 1623 614 1709 &ad
632 1623 781 1710 tactum
799 1626 936 1714 leviter
953 1611 1091 1714 sonant
1113 1653 1127 1739 ;
1148 1624 1318 1740 periistit
1336 1631 1501 1740 quidem

235 1754 554 1860 menstruorum,
578 1755 620 1840 dr
638 1754 763 1838 urinae
777 1751 1015 1866 suppreffio:
1040 1777 1299 1844 veruntamen
1319 1758 1420 1843 nulla
1445 1784 1493 1845 o-

235 1883 382 1969 mnino
391 1882 572 1969 urinaria
582 1883 717 1968 uesrcae
726 1883 1110 1996 turgescentiamanu
1120 1888 1501 1998 percipitur3venter
1544 1995 1546 2000 ι

236 2041 289 2101 ne
305 2013 480 2126 spiritum
507 2010 670 2124 quidem
696 2038 769 2124 per
790 2013 1000 2110 inferiores
1015 2037 1157 2128 partes
1180 2017 1341 2123 reddin,
1368 2043 1500 2130 neque

234 2145 335 2252 cibi,
357 2167 486 2255 neque
502 2161 623 2253 potus
640 2143 833 2255 cupiditas
859 2173 910 2230 ne
936 2147 989 2232 in·
1012 2146 1211 2259 praesentia
1235 2148 1395 2259 quidem
1411 2151 1489 2236 est:

233 2295 413 2363 attamen
433 2273 632 2358 cremaris
650 2298 703 2357 ex
719 2277 889 2363 contusis
906 2275 1080 2366 dulcibus
1097 2275 1316 2391 amygdalis
1334 2303 1498 2388 aquaex

135 2409 140 2418 '
233 2407 369 2494 citreo
384 2405 495 2510 malo
519 2401 689 2515 expreffi
702 2409 904 2515 paulum,
928 2407 982 2494 ste
1000 2397 1225 2495 affedama
1249 2429 1382 2494 matre
1411 2409 1494 2493 affi-

232 2535 312 2624 due
329 2537 565 2648 rogitatum,
589 2533 896 2650 solicitatumque
916 2561 1007 2626 ante
1026 2540 1100 2626 hos
1125 2538 1315 2624 undecim
1339 2538 1513 2660 menses·

120 2725 126 2736 ·
229 2693 302 2780 per
321 2669 427 2754 diem
445 2667 685 2776 audientque
703 2666 905 2775 degtdlare
923 2670 1109 2777 coepiffe,
1132 2668 1249 2778 idque
1264 2695 1367 2753 nunc
1385 2693 1487 2780 quo-

230 2824 303 2912 que
325 2798 595 2899 continuare,
633 2793 890 2880 certiffimum
908 2798 966 2882 est
991 2829 1003 2885 ι
1033 2797 1157 2882 nullus
1188 2797 1340 2908 quidem
1370 2797 1492 2883 sudor

223 2917 553 3042 praetnqnam'ii
572 2926 715 3036 palmis
728 2951 938 3034 manuum,
955 2927 1185 3038 pedumque
1201 2925 1345 3037 plantis
1362 2931 1491 3039 nequ'e

223 3059 427 3160 interdiu,
448 3081 576 3172 neque
599 3057 719 3145 noctu
740 3057 898 3145 oritur:
937 3077 1215 3144 verumtamen
1239 3055 1490 3169 oleagineam

205 3174 438 3274 'materiam
464 3215 518 3276 ex
541 3190 714 3277 sebaceis
741 3188 929 3275 universae
957 3190 1084 3275 ferme
1108 3191 1204 3274 cutis
1232 3188 1423 3298 glandulis
1447 3211 1489 3272 e-

223 3343 434 3430 rumpere,
456 3345 549 3406 cum
565 3349 618 3407 ex
634 3317 760 3406 totius
777 3343 881 3430 pene
902 3321 1091 3432 corporis
1109 3320 1485 3427 graveolentia,tum

223 3443 422 3562 praecipue
437 3475 489 3535 ex
498 3451 683 3538 unduosa
699 3447 766 3534 illa
778 3447 952 3555 sorditie,
974 3476 1092 3562 quam
1112 3451 1182 3532 luis
1195 3447 1351 3534 indultis
1367 3447 1487 3534 inha-

221 3580 398 3687 rescere,
427 3607 536 3693 aegra
554 3580 737 3670 hactenus
751 3578 790 3666 se
806 3576 1029 3666 obserualle
1050 3577 1147 3666 mihi
1171 3578 1333 3686 retulit,
1364 3595 1484 3663 certo

223 3713 378 3799 constat
390 3744 404 3799 -:
421 3712 565 3798 'nullus
581 3711 667 3799 fere
682 3733 735 3795 ex
749 3709 905 3796 naribus
917 3733 1075 3817 murus,
1095 3709 1196 3796 nulla
1217 3733 1320 3820 pene
1340 3735 1392 3794 ex
1408 3729 1485 3809 ore

220 3841 336 3928 saliva
353 3843 564 3929 emittitur:
584 3839 1021 3934 difficillimuasomnus
1047 3838 1104 3925 est
1130 3866 1143 3946 3
1172 3838 1339 3948 corripit
1361 3842 1481 3927 inter-

221 3971 318 4058 dum
332 3974 492 4086 quidam
510 3971 672 4086 frigoris
687 3969 842 4078 sensus3
869 3969 972 4082 saepe
988 3970 1235 4072 uentriculi,
1266 3965 1402 4080 sepius
1417 3991 1482 4054 ca-

218 4105 311 4215 pitis
330 4105 448 4190 dolor
465 4124 622 4218 torquet
640 4132 656 4209 ·,
675 4103 949 4208 brachiorum,
972 4105 1239 4210 manuumque
1257 4096 1417 4184 musculi
1437 4096 1479 4181 in

219 4233 362 4321 dextra
378 4239 578 4346 praecipue
600 4254 715 4347 parte
731 4233 1231 4334 continenter‘intremunt‚
1247 4227 1387 4314 crebra
1405 4227 1478 4316 dif-
1500 4254 1502 4260 ’

218 4365 407 4472 ficilisque
439 4367 641 4478 respiratio
666 4365 723 4450 est
739 4355 760 4472 '3
788 4366 1039 4476 coagitannur
1063 4359 1220 4472 semper
1238 4382 1328 4444 cum
1349 4359 1480 4448 corde
1595 4363 1597 4368 ’

219 4493 395 4611 arteriae3
416 4493 568 4586 alluta
589 4491 695 4608 saepe
709 4493 894 4597 infestat,
913 4493 1117 4580 interdum
1137 4489 1476 4611 tamen-nlularnar

794 4615 937 4716 ‚Ata
973 4643 1000 4738 3
1397 4613 1474 4738 est:
