4312 5954
377 478 602 636 ιιόιο
641 448 1290 740 insinuassem
1401 541 1462 646 ιι
1527 621 1561 656 ,.

196 755 449 878 Carteiana,
472 769 569 859 fiad
599 771 847 864 identitatem
868 727 1067 885 temporis
1081 772 1169 898 naec
1189 773 1274 887 ipsa
1297 775 1461 864 restrin-

167 923 317 1042 ganan.
397 898 576 1019 Queri
563 903 681 1013 aginat
698 904 839 1052 primo
854 902 951 986 loco
970 906 1012 990 δι
1039 899 1211 1014 historice
1226 907 1386 1015 pollet,
1414 933 1465 996 aa
1484 1007 1486 1011 ,

194 1055 247 1116 ex
260 1028 454 1118 mentia
470 1025 639 1120 Cartefii
651 1033 900 1144 principium
922 1031 1020 1117 illud
1036 1032 1221 1144 generale
1236 1036 1288 1121 de
1305 1035 1399 1120 solis
1419 1038 1464 1123 ll

191 1159 387 1250 lisvaleat
412 1160 566 1246 talibus
588 1215 602 1266 ,
636 1162 705 1246 ubi
731 1163 983 1263 elevationes
1007 1161 1058 1247 ad
1084 1160 1257 1251 diversas
1281 1165 1457 1254 altitudi-

192 1315 263 1378 nes
291 1287 377 1376 sunt
398 1288 622 1378 isocbronae
648 1283 667 1374 ἓ
696 1291 948 1402 Equidem
934 1317 978 1376 m
1004 1294 1206 1404 exemplis
1228 1293 1459 1384 aorrtelio
1548 1361 1550 1368 ,

193 1419 371 1531 allegatis
391 1419 435 1506 id
451 1421 504 1508 ita
521 1420 710 1508 obtinere
730 1444 893 1506 certunm
913 1421 999 1506 eli·
989 1423 1271 1535 videturque
1288 1425 1331 1508 id
1351 1449 1453 1512 con
1464 1509 1468 1516 .

190 1547 311 1659 sequi
312 1551 433 1634 enam
455 1577 508 1638 ex
530 1575 603 1658 eo,
628 1551 768 1661 quod
755 1577 795 1636 m
808 1551 929 1638 tertia
950 1553 1101 1636 ratione
1123 1552 1330 1640 dubitandi
1347 1555 1461 1640 idem

165 1673 600 1812 =Carteliusexpofi1it
636 1680 772 1774 Τοιι
800 1699 839 1768 ι
860 1682 938 1792 Ep.
955 1695 1031 1798 74.
1051 1706 1091 1790 p
1115 1706 1175 1772 m.
1194 1677 1309 1794 258.-
1392 1685 1459 1776 Ex

73 1848 80 1860 ·
137 1839 140 1850 ·
190 1791 375 1894 adverso
385 1829 522 1898 autem
545 1833 628 1896 non
653 1812 788 1894 minus
797 1821 967 1894 certum
985 1806 1082 1912 est,
1109 1809 1222 1892 illum
1239 1815 1458 1960 temporis,

184 1936 410 2048 inotroque
425 1939 514 2026 casu
527 1935 725 2046 eiusdem,
733 1961 809 2033 nec
828 1935 958 2024 verbo
976 1936 1224 2044 meminisse3
1253 1940 1460 2050 quinimo
1642 2003 1646 2010 .

182 2067 417 2179 repugnatne
438 2068 496 2152 illi
513 2068 840 2178 comparationi,
863 2091 979 2180 qua·
955 2061 1103 2152 lanum
1115 2091 1172 2152 ex
1180 2068 1301 2176 maiia
1321 2066 1467 2181 inspa.

181 2197 288 2280 tinam
298 2195 550 2306 aequipolleat
572 2193 681 2284 sado
701 2220 754 2282 ex
778 2193 901 2282 massa
929 2195 972 2282 in
990 2195 1258 2304 celeritatem,
1286 2198 1331 2283 id
1343 2195 1457 2310 quod

181 2339 324 2410 tamen
336 2327 477 2410 evitari
494 2351 577 2434 non
595 2327 753 2434 potest,
782 2324 1080 2446 liidentitatcm
1093 2329 1295 2440 temporis
1312 2329 1449 2441 requi-

178 2450 550 2544 fivit.coniTom
585 2451 618 2540 l
648 2453 752 2564 epist
795 2470 873 2575 74
896 2479 941 2564 p.
969 2478 1028 2542 m.
1053 2471 1164 2570 255.
1192 2453 1306 2571 256.
1372 2453 1448 2546 Se·

181 2582 318 2668 cundo
331 2583 455 2673 etiam
469 2581 715 2698 philosophice
728 2581 894 2695 disquiri
911 2583 1065 2698 potest,
1085 2611 1136 2673 an
1154 2585 1328 2674 omnino
1346 2604 1453 2674 tem-

180 2713 302 2825 poris
314 2713 592 2800 determinatio
606 2712 827 2802 neceffaria
842 2713 888 2802 lit
901 2713 953 2800 td
981 2714 1094 2800 huius
1120 2715 1351 2826 questionis
1373 2718 1447 2806 de-

183 2834 457 2934 finioonemi
502 2841 646 2954 Negat
669 2841 907 2949 Leibnitius‘,
940 2841 1204 2932 diverlitatem
1229 2846 1449 2956 temporit,

71 3079 75 3089 ,
178 2994 265 3083 quo
288 2976 470 3086 gravium
489 2970 665 3062 ascenlus
690 2968 727 3080 l.
755 2990 792 3088 5.
813 2991 1062 3058 memorams
1094 2971 1212 3058 durat
1229 3029 1243 3079 ‚
1277 2974 1321 3060 in
1344 2976 1445 3064 aesti-
1515 3062 1521 3066 ,
1620 2983 1623 2990 ’

178 3095 361 3188 motione
386 3106 528 3192 harum
555 3105 701 3190 visiun
730 3101 1012 3188 attendendam
1043 3102 1151 3192 elie:
1189 3097 1328 3190 Aiunt
1360 3099 1447 3206 alii.

178 3223 266 3318 Sed
282 3253 356 3378 quo
370 3226 485 3318 iore?
523 3233 677 3324 Dicam
691 3231 732 3318 id
762 3287 776 3337 ,
810 3232 880 3318 ubi
900 3233 1224 3316 enunciationem
1250 3229 1451 3339 Carteia·

174 3383 275 3447 nam
293 3362 370 3445 iana
386 3387 483 3446 com
495 3358 557 3448 sua
578 3364 823 3450 limitatione
844 3360 1109 3453 examinabo
1191 3353 1281 3446 Hic
1296 3361 1448 3478 primus

178 3491 463 3578 controverfiae
484 3487 692 3584 aetusfuit

294 3619 400 3714 Vll
465 3620 647 3742 Quando
662 3618 784 3706 semel
802 3619 859 3706 illi
889 3595 1090 3706 involutus
1112 3616 1187 3706 fuit
1216 3613 1445 3732 Leibttitius,
1565 3678 1569 3684 -

178 3745 389 3860 succeffive
408 3751 600 3862 deinceps
617 3777 664 3836 ea
681 3751 857 3862 vulgavit
880 3807 892 3855 ,
919 3777 1006 3862 quae
1033 3777 1059 3838 a
1075 3748 1204 3868 priori
1218 3751 1446 3859 perducere

179 3855 339 3991 poffun
353 3879 402 3968 ad
430 3878 724 3994 agnoscendam
742 3881 1025 3992 explicationis
1044 3898 1108 3966 aut
1116 3880 1445 3967 demonstratio·

175 4011 239 4095 nis
261 4002 301 4111 i.
327 4031 372 4123 3.
393 4012 584 4098 exhibitae
600 4010 938 4104 insufficientiam.
1003 4006 1231 4115 Ponamus‚
1254 4004 1438 4096 eliePhi-

177 4136 414 4248 losoplmm,
439 4141 506 4252 q'ui
525 4143 725 4251 exemplis
750 4140 972 4246 didicerit,
998 4135 1101 4247 saepe
1117 4125 1286 4230 evidens
1302 4139 1442 4248 rideri,

177 4268 287 4378 quod
303 4269 517 4358 difflnstins
535 4273 810 4360 examinatum
836 4267 1008 4358 omnino
1032 4265 1171 4354 salsum
1190 4267 1267 4354 elle
1293 4277 1438 4381 depre-

176 4393 359 4486 itenditur
384 4427 393 4444 ·
383 4403 680 4512 ‚eundemque
707 4402 811 4486 adeo
836 4397 1219 4486 demonstrationem
1238 4417 1384 4509 optare
1399 4401 1442 4488 dc
1586 4421 1591 4495 ζ

178 4529 344 4677 aggredi
361 4533 649 4642 propositionis
667 4550 780 4617 antea
801 4530 1006 4616 exhibitae.
1075 4523 1193 4617 Num
1212 4526 1299 4612 hac
1317 4530 1442 4614 ratio-
1534 4631 1536 4634 Ι

173 4657 425 4750 alomonam
437 4663 556 4754 seties
573 4659 653 4752 elie
669 4661 802 4778 potest
817 4651 1026 4883 iLQuaero
1049 4653 1330 4746 menatem
1288 4657 1443 4740 unium

1181 4843 1183 4849 s
1288 4783 1438 4870 motti·
