4386 5980
673 385 1011 556 eructato·
1326 393 1469 590 '427

214 665 425 786 studiisque
449 665 679 760 Ruthe'nicis
704 669 902 757 dimensus
927 673 984 757 est
1004 699 1031 778 ‚'
1045 691 1088 758 et
1101 668 1302 758 montium
1320 673 1473 760 uicino,

212 829 305 892 rum
326 803 647 910 conualliumque
662 803 755 888 situs
769 819 809 884 et
829 801 988 886 uiarum
1012 803 1205 889 anfractus
1228 804 1476 911 teretiusque

212 936 315 1023 inter
332 930 588 1043 equitandum
606 929 860 1017 tumultuario
873 953 1002 1038 opere
1014 933 1271 1042 corufignauit‚
1284 933 1326 1015 in
1337 935 1474 1020 castris

179 1071 347 1150 'nutem
385 1057 516 1171 paullo
550 1060 725 1144 exactius
756 1058 970 1168 descripsit.
1036 1054 1134 1144 Sunt
1158 1056 1321 1144 fortasse
1349 1066 1391 1148 in
1407 1061 1475 1146 hit

24 1199 35 1208 '
214 1213 404 1304 quoque,
445 1211 542 1298 quae
565 1191 841 1275 rettattuturus
861 1188 912 1270 ad
937 1188 1113 1274 amussim
1127 1208 1235 1274 erat:
1275 1188 1363 1277 sunt
1373 1215 1475 1303 quae

215 1345 290 1406 nos
302 1318 442 1406 dubios
457 1315 704 1426 relinquunt..
752 1315 862 1433 Quia
878 1333 1009 1402 autem
1029 1315 1149 1426 nihil,
1181 1318 1291 1430 quod
1310 1346 1362 1406 eo
1380 1345 1471 1431 per.

75 1445 78 1450 ’
218 1451 378 1552 oneret,
402 1447 442 1529 in
459 1439 611 1552 schedis
632 1443 821 1553 Principis
839 1466 1046 1552 repertum
1064 1447 1147 1552 est,
1173 1446 1379 1535 maiuimus
1404 1449 1474 1554 ita,
1546 1529 1549 1534 .

216 1599 263 1671 ut
298 1576 571 1686 consignatam
600 1574 829 1684 accepimus
865 1572 1034 1658 tabulam
1066 1573 1230 1684 publice
1268 1577 1347 1662 enh
1357 1579 1472 1682 bere,

216 1731 335 1818 quarn
352 1705 537 1813 priuatim
556 1703 767 1814 quidquam
792 1730 843 1789 ex
861 1703 1083 1789 coniectura
1100 1706 1327 1790 immutare.
1338 1703 1482 1815 Atque

216 1857 259 1922 ut
277 1834 371 1919 inde
379 1830 433 1917 ab
447 1832 549 1914 urbe
565 1832 821 1943 incipiamus,
837 1859 859 1918 a
884 1832 1032 1942 quaest
1050 1830 1270 1941 profectus,
1299 1855 1339 1920 et
1356 1859 1476 1944 quam

216 1991 270 2052 ex
305 1966 386 2049 eius
411 1959 562 2078 schpdis
588 1961 795 2069 diligenter
823 1960 1060 2068 descriptam
1097 1962 1309 2070 habemus,
1355 1961 1470 2049 Der-

188 2155 191 2160 -
218 2096 379 2180 bennun
407 2110 525 2199 caput
555 2085 757 2176 Schiruani
778 2086 893 2204 (quae
916 2092 1156 2200 prouinciaa
1177 2089 1477 2200 Cyro‘flumine

217 2226 268 2311 ad
285 2221 539 2307 territorium
552 2218 669 2306 urbis
686 2220 947 2332 porrigitur,
978 2243 1031 2304 ex
1047 2243 1126 2329 quo
1147 2219 1476 2328 Dageuananoc

42 2455 45 2462 Δ
218 2356 294 2460 est,
311 2367 500 2436 montana
525 2350 641 2460 regio
659 2353 706 2436 ad
718 2337 945 2434 'Circaffios
972 2347 1118 2460 uergit)
1138 2350 1189 2434 ad
1213 2373 1329 2440 mare
1346 2349 1403 2436 est
1418 2352 1466 2436 ss,

216 2499 303 2568 tum
321 2477 472 2566 inloto
490 2475 643 2563 declini.
715 2459 817 2565 In'de
834 2481 916 2564 iam
932 2475 1190 2562 occidentem
1208 2479 1336 2566 uersus
1351 2505 1473 2566 mont

110 2687 117 2702 Ι
218 2608 451 2720 inasperam
469 2632 609 2717 rupem
628 2606 772 2718 surgit,
799 2610 840 2693 in
857 2633 930 2718 qua
946 2631 1019 2690 arx
1030 2605 1163 2692 loc-ata
1181 2607 1245 2690 est.
1307 2611 1477 2696 Eamex

217 2739 322 2828 urbe
344 2754 485 2848 petunt
506 2760 581 2848 ptr
604 2755 769 2844 portam
789 2733 982 2842 Xynium
999 2753 1041 2818 et
1064 2734 1131 2818 uia
1149 2735 1285 2822 media
1308 2737 1364 2822 est
1378 2738 1477 2824 foffa

218 2895 294 2984 per
320 2865 562 2954 duriffimum
588 2863 731 2950 exciffa
758 2864 925 2967 saxum,
963 2861 1225 2974 quadraginta
1249 2866 1291 2950 in
1306 2866 1476 2977 longum
1541 2973 1544 2980 Ι

216 2997 401 3108 orgyias,
415 3001 455 3081 in
468 2993 589 3080 iatum
605 3015 789 3104 quatuor,
807 3013 888 3080 tres
903 2993 944 3076 in
963 2987 1213 3104 profirndum.
1276 2991 1448 3081 Absum
1459 3033 1479 3058 ·

216 3153 285 3213 ma
308 3151 403 3212 arce
434 3123 483 3208 ad
511 3123 760 3210 centesimam
788 3126 977 3235 orgyiam
1004 3147 1132 3233 pagus
1154 3122 1208 3206 est
1224 3113 1475 3233 Pirr'dimirky,

220 3256 328 3369 quast
340 3254 492 3364 genium
518 3252 579 3336 seu
594 3250 807 3337 damonem
830 3249 1112 3366 Damascemrm
1138 3249 1256 3336 dicas.
1330 3255 1398 3340 Est
1425 3279 1470 3338 e.

218 3389 305 3472 uim
329 3384 370 3467 in
402 3373 471 3466 illo
507 3403 616 3492 pago
640 3402 952 3468 monumentum
993 3381 1196 3464 cuiusdam
1217 3375 1477 3494 Piridimisky‚

220 3536 339 3625 quem
366 3508 613 3596 Damasceni
639 3509 767 3592 filium
789 3515 891 3618 regis
914 3506 1019 3595 fuiffe
1045 3507 1262 3618 perhibent
1342 3507 1471 3597 Titu-
1576 3595 1579 3602 Α

221 3644 302 3728 lum
316 3643 357 3726 in
372 3639 525 3752 ingenti
538 3638 732 3744 sculptum
749 3641 879 3758 lapide
893 3637 1129 3725 Demetrius
1146 3639 1283 3749 legere
1300 3663 1383 3725 non
1400 3664 1483 3750 po..

222 3769 421 3880 tuit‚quod
439 3767 589 3854 litteras
610 3761 777 3854 Cuficas
794 3767 926 3879 etipse
943 3766 1150 3874 ignorabat
1164 3786 1205 3852 et
1221 3792 1344 3854 nemo
1360 3770 1473 3877 alius,

222 3900 286 4012 qui
304 3901 652 4007 interpretaretur,
677 3917 776 3988 erat.
843 3898 892 3986 In
909 3885 1146 3988 tuberonis
1162 3895 1313 3982 diuerso
1332 3925 1355 3983 a
1372 3920 1477 3986 cete·
1576 3977 1581 3986 ,
1620 3873 1624 3882 ’

225 4032 279 4114 ris
296 4049 337 4113 et
355 4025 581 4139 squalidiori
597 4025 730 4135 lapide
745 4027 792 4112 ad
813 4026 1138 4137 septemtrionem
1155 4027 1399 4134 constnsta,
1416 4030 1476 4115 tl.
1630 4085 1634 4090 .

220 4158 360 4242 timam
377 4155 647 4282 antiquitatem
665 4153 883 4242 referebat:
898 4174 940 4239 et
956 4153 1227 4256 adfirmabant
1251 4159 1384 4261 ciues,
1409 4159 1481 4246 hie

223 4281 499 4371 Alexandrum
513 4285 685 4395 coepitio
696 4279 951 4370 fimdamenta
966 4283 1078 4370 urbis
1092 4283 1241 4375 iacere.
1308 4281 1406 4372 Sunt
1416 4315 1484 4378 au.

221 4429 321 4523 tem,
336 4413 365 4502 t
381 4413 436 4501 ab
455 4436 548 4502 arte
564 4411 775 4502 descendas
786 4415 836 4637 app
843 4438 968 4638 ffi
977 4473 990 4518 ‚
1009 4415 1049 4502 in
1058 4411 1371 4528 septentrionali
1388 4441 1478 4504 mu-

1426 4569 1479 4635 to
