4376 5952
451 501 1203 613 rtnrurucottrottunr.
1402 417 1469 612 st

210 738 281 836 ns
296 725 659 854 pednm‚&filroc
676 738 764 842 est,
792 735 1211 852 agnoscendumerit‚
1241 743 1354 854 quod
1381 748 1469 858 glo.
1594 761 1606 794 '-

219 869 334 960 ltusB
354 872 535 958 attollere
551 868 669 982 possit
683 866 855 977 glolum
872 867 988 972 Ayad
1001 870 1249 956 altitudinem
1262 876 1476 986 plusquam

220 1001 445 1116 qpedum‚
466 1001 549 1087 fite
563 999 676 1084 detur
695 999 820 1082 testis
838 991 1019 1108 persesle
1038 1001 1246 1109 rigidus&
1265 1003 1473 1108 iuslexilis,
1619 1039 1621 1050 ·

216 1131 294 1216 siue
314 1131 474 1216 minus:
507 1126 656 1213 salttum
681 1149 786 1238 ergo
814 1147 952 1212 manet
972 1125 1165 1214 Leibtlltii
1192 1153 1475 1242 argumentum

215 1257 562 1346 nonobstantibus
577 1251 718 1368 Papini
737 1254 1058 1366 exceptionibus,
1203 1279 1205 1283 ’
1441 1322 1446 1328 .
1492 1355 1497 1364 ι

321 1389 388 1473 Ex
402 1386 517 1473 distis
548 1407 651 1496 ergo
678 1383 950 1498 quadantenus
972 1385 1125 1495 liquere
1156 1405 1332 1491 autumo,
1352 1413 1476 1500 quant

215 1513 416 1606 lubricum
433 1519 476 1603 ἀ
500 1515 726 1602 inconstans
739 1512 787 1602 sit
805 1516 1012 1627 negotium
1029 1518 1137 1600 uires
1154 1540 1381 1626 corporum
1397 1543 1474 1628 per

214 1646 448 1756 quantitates
476 1663 609 1731 motus
632 1643 886 1748 aestimandi,
921 1644 1041 1752 idque
1066 1662 1175 1728 tanto
1192 1645 1346 1750 tnagis,
1360 1647 1474 1757 quod
1591 1742 1597 1752 ,

211 1775 434 1861 celeritatis.
447 1773 810 1858 considerationem
831 1772 870 1852 in
883 1771 966 1858 hoe
982 1760 1160 1875 subjecto
1177 1765 1375 1886 Curtqsus
1393 1775 1474 1880 ipse

211 1901 420 1988 excluserit
433 1901 530 1986 loco
548 1894 769 2013 suprajtm
789 1897 934 2001 citato,
956 1917 1106 2002 nempe
1125 1895 1166 1978 iu
1181 1894 1362 2002 Epistola
1389 1914 1470 2019 74.

165 2099 168 2104 .
204 2026 326 2118 Part.
356 2051 393 2112 t.
419 2027 488 2112 ubi
504 2035 608 2113 inter
627 2029 702 2112 alia
716 2026 805 2110 haec
823 2023 964 2111 habet:
991 2020 1083 2108 tristis
1104 2020 1152 2106 de
1168 2021 1367 2108 retentare
1386 2027 1477 2114 bene

207 2169 253 2240 et
261 2150 470 2262 fhssdedict'
479 2149 684 2266 potestpufi
690 2147 1306 2264 priasretteerplicatagrau’rare
1318 2167 1488 2270 tutoque

192 2275 1007 2392 fimelmunasystrmate‚ers1verocirca
1026 2275 1130 2362 hanc
1140 2279 1468 2389 propositionem

208 2406 338 2516 paulo
353 2406 467 2488 aliter
470 2397 560 2515 jam
577 2403 1034 2509 sentiuntRecentiores,
1052 2429 1107 2491 ex
1122 2427 1315 2494 ettamen
1337 2431 1473 2520 patet„

207 2532 327 2644 quoti
343 2532 394 2618 ad
413 2531 664 2638 aestintandas
681 2535 790 2620 uires
806 2559 889 2620 non
906 2531 1110 2620 necessum
1133 2535 1285 2646 putarit
1305 2535 1409 2628 Puto
1422 2569 1461 2626 o-

204 2659 303 2776 phar
320 2661 372 2748 ad
386 2661 610 2751 celeritates
627 2663 867 2768 attendere,
897 2663 965 2750 sed
992 2665 1129 2773 potius
1157 2663 1208 2748 ad
1235 2666 1468 2758 resistentias

207 2813 305 2899 quas
331 2816 509 2903 corpora
530 2793 750 2878 vincendas
772 2792 964 2904 habeant,
977 2813 1020 2878 ut
1046 2793 1089 2876 in
1115 2793 1263 2878 eadem
1296 2797 1465 2908 epistola

205 2921 391 3034 expresse
411 2937 536 3034 patet

330 3069 404 3144 10.
438 3048 649 3169 Quoniam
679 3079 780 3170 ergo
803 3056 1036 3170 quantitates
1066 3072 1203 3142 motus
1237 3077 1464 3168 corporum
1626 3091 1630 3103 ¹

204 3201 293 3272 non
310 3176 395 3263 suut
412 3179 576 3268 effusius
594 3185 796 3297 integri&
811 3190 919 3300 pleni
936 3187 1208 3296 potentiarum
1226 3186 1466 3296 incorpora

205 3307 441 3420 egentiam,
460 3307 640 3394 nondum
657 3309 804 3398 inferre
818 3318 914 3400 licet
927 3337 980 3398 ex
993 3339 1069 3416 eo,
1088 3311 1201 3421 quod
1218 3312 1343 3397 causae
1358 3313 1457 3398 effe-

205 3437 280 3523 ssis
297 3431 374 3522 suis
402 3434 619 3545 adaeqtratis
643 3441 975 3549 proportionales
983 3437 1090 3540 sunt,
1108 3442 1217 3520 uires
1232 3439 1349 3522 titas
1363 3465 1456 3524 cor.

205 3587 360 3674 potunt
382 3567 720 3675 proportionales
741 3565 822 3652 etse
849 3565 1129 3678 qtrantitatibus
1150 3583 1287 3652 motus
1315 3591 1458 3656 eorun-

207 3691 337 3795 dem,
363 3712 409 3776 ut
443 3690 585 3803 paffim
619 3691 792 3804 supponi
815 3693 917 3784 solet
950 3725 960 3782 ε
1015 3696 1058 3780 &
1085 3691 1190 3780 hanc
1218 3694 1276 3780 ub
1302 3687 1461 3784 saturn

205 3820 476 3926 ludagandum
496 3820 647 3924 restat,
678 3827 839 3935 quinam
863 3847 966 3938 ergo
984 3822 1060 3908 sint
1098 3821 1263 3910 effeetus
1293 3825 1352 3911 illi
1383 3829 1452 3914 ad„

206 3952 345 4060 :quati
371 3951 413 4038 ἀ
442 3949 569 4036 reales
594 3951 743 4036 uirium
774 3941 997 4042 uivarums
1027 3941 1229 4060 surreptus
1259 3951 1343 4064 ipse
1368 3948 1460 4068 jam

206 4079 367 4187 pridem
381 4068 582 4189 ejusmodi
600 4079 762 4168 effeslns
777 4085 906 4168 reales
921 4082 964 4165 in
980 4078 1141 4165 laudata
1158 4077 1327 4186 epistola
1352 4083 1453 4166 indi-

58 4273 67 4280 .
117 4233 127 4256 ⁸
192 4207 376 4310 giravit,
404 4208 565 4317 quatmo
590 4209 640 4294 ad
662 4209 897 4298 refistentias
929 4210 1084 4294 uiribus
1127 4202 1458 4300 ascenfionalibus

206 4331 441 4443 superandas
464 4335 697 4440 attendere,
725 4340 860 4426 obiter
890 4338 1051 4440 saltem,
1076 4337 1288 4448 precepit.
1356 4332 1456 4428 Hoc

206 4464 336 4547 modo
344 4465 452 4550 enim
460 4462 654 4554 habemus
662 4465 826 4556 effertis
834 4463 1258 4555 mensurandistiribus
1267 4467 1455 4556 idoneos:

206 4617 299 4680 uam
320 4595 546 4705 propositio
564 4595 676 4702 haec,
696 4591 945 4718 Qurdrnuia
960 4593 1224 4710 impedimenta
1238 4611 1454 4712 unusque

773 4723 811 4809 B
843 4743 873 4812 2
1372 4725 1452 4806 uim
1601 4781 1607 4790 ·
