4376 5952
517 495 821 670 presserat,
856 495 1268 656 exequendum
1287 491 1470 652 duait.
1538 495 1673 618 run
1691 493 1788 620 ille
1809 508 1931 666 qui-

517 667 660 790 dem
680 673 759 786 ita
779 663 855 784 de
896 664 1079 788 salute.
1099 705 1168 788 ac
1197 661 1353 789 fama
1371 659 1564 827 gentis
1595 663 1722 786 firae
1750 666 1931 795 solici-

520 861 638 995 tus,
656 859 723 954 ut
742 832 883 954 nihil
903 832 1066 958 domi
1083 843 1412 978 omitteret,
1424 830 1733 996 quod,srve
1746 839 1821 960 ad
1830 882 1931 963 ex-

435 1035 442 1045 ·
520 1003 828 1126 truendam
849 1005 1058 1125 urbem
1077 1005 1175 1127 suo
1191 1007 1431 1128 nomine
1453 1002 1838 1165 dignamine
1857 1012 1932 1132 ad

413 1209 416 1214 ’
521 1175 750 1298 clallem
789 1179 1023 1296 navium
1050 1172 1530 1340 amplillimamet
1555 1213 1696 1295 cum
1731 1175 1931 1300 'instru-

526 1339 784 1467 &issrmis
829 1342 1146 1506 quibusque
1185 1343 1643 1511 comparandam
1679 1353 1931 1506 require-

524 1535 723 1658 retur,
758 1511 855 1634 sed
882 1515 1069 1634 multo
1095 1519 1282 1676 magis
1311 1519 1485 1638 armis
1518 1518 1931 1675 requiescenti·
2124 1647 2128 1650 ,

524 1681 985 1806 busimitandam
1022 1689 1247 1849 putavit
1286 1683 1559 1810 illustrem
1608 1683 1929 1836 Gallorum,

464 1973 472 1978 .
528 1886 704 2012 quam
721 1855 912 2018 paullo
941 1874 1077 1972 ante
1097 1849 1381 2006 diximus,
1411 1853 1831 2001 Academiam,
1857 1853 1931 1976 jet
1998 1901 2011 1910 ··

527 2061 663 2140 curn
683 2027 924 2142 minime
960 2027 1300 2184 ignoraret,
1345 2027 1571 2186 quantis
1624 2019 1930 2144 difficulta-

270 2323 281 2330 ,
493 2191 680 2310 tibus
733 2190 1054 2312 obnoxium
1105 2188 1244 2313 ellet
1297 2202 1658 2354 negotium,
1702 2214 1930 2312 tantum

531 2355 721 2502 abest,
754 2385 818 2481 ut
844 2399 895 2482 a
920 2353 1216 2525 propofito
1244 2353 1585 2504 desisteret,
1627 2382 1691 2476 ut
1716 2366 1930 2522 potius,

435 2579 437 2584 ³
530 2567 677 2692 quae
696 2552 860 2649 erant
877 2524 1163 2652 obstacula
1180 2528 1424 2648 mirabili
1451 2528 1812 2689 benignitate
1831 2561 1932 2651 ex-
2003 2535 2025 2560 ”

481 2723 839 2867 pugnaret.
904 2699 1024 2832 Iam
1034 2700 1263 2828 litterae
1281 2694 1355 2815 ad
1374 2721 1612 2836 exteros
1629 2734 1766 2824 cum
1775 2720 1932 2822 man.

531 2867 675 2988 dato
690 2873 1061 3032 Imperatoris
1088 2864 1504 3013 mittebantur,
1539 2872 1657 2988 iam
1673 2867 1934 3031 responsa,

533 3035 950 3182 adventabant,
1006 3065 1141 3170 cum
1177 3040 1472 3201 inopinata
1505 3061 1701 3161 morte
1734 3040 1934 3163 Petrus

534 3211 710 3329 terris.
736 3211 991 3373 eripitur.
1069 3205 1252 3378 Huius
1288 3201 1392 3326 fati
1427 3212 1639 3332 nuncio
1673 3214 1935 3367 quamvis

534 3374 708 3500 valde
732 3375 1229 3544 perturbarentur,
1265 3373 1444 3534 quile
1471 3381 1663 3497 itineri
1697 3415 1933 3541 parave-
2039 3399 2055 3415 '¹

529 3539 685 3691 rant,
729 3543 1292 3676 CATHARINAE
1332 3543 1799 3670 AVGVSTAE
1842 3585 1939 3665 au·-

543 3716 815 3842 &oritate
851 3749 996 3830 mox
1030 3705 1355 3830 confirmati
1390 3711 1541 3854 sunt,
1561 3717 1932 3875 acceptisque
2089 3733 2098 3756 “

529 3879 893 4048 'amplillimis
922 3878 1240 4045 privilegiis
1274 3880 1608 4044 Petropolin
1649 3879 1935 4042 concelle-
2051 4037 2056 4048 ¹

541 4075 671 4174 runt
687 4054 946 4219 plerique
976 4047 1503 4204 eorum,1quorum
1527 4055 1763 4172 nomina
1787 4052 1845 4170 in
1863 4054 1934 4168 ti-

545 4219 676 4344 tulis
710 4219 1088 4389 speciminum
1131 4213 1392 4365 exstant,
1434 4241 1671 4388 praeter
1780 4387 1813 4509 I
1896 4357 1898 4363 Α

1813 4425 1933 4507 oau-
