4352 5962
733 567 825 678 372
875 647 877 652 s
1056 537 1649 646 demontorium

707 805 900 897 tristibus
916 801 1034 893 veluti
1057 793 2003 914 exterriraimaginibuseiulareuidebaturnen.

727 941 888 1026 tricidua
905 957 961 1023 ex
980 954 1073 1022 toto
1089 933 1330 1043 conquieuit,
1352 951 1467 1044 atque
1486 931 1540 1016 ita
1556 929 1730 1040 quidem,
1743 929 1838 1021 ut'&
1853 961 2002 1052 aquam

731 1073 773 1158 δι
786 1073 1013 1183 liquorem,
1039 1065 1089 1150 de
1106 1061 1246 1176 quibus
1254 1082 1509 1150 mentionem
1527 1055 1632 1166 feci,
1658 1064 1871 1152 continere
1890 1070 2004 1164 otti.

727 1228 786 1288 ιο
802 1201 866 1286 die
880 1197 1030 1311 pollet:
1048 1194 1141 1307 poll
1158 1193 1268 1305 quod
1287 1212 1447 1334 tempus
1463 1193 1781 1306 mentisquoque
1795 1197 1999 1316 turbatio,

728 1353 978 1441 terroresque
994 1325 1147 1415 remoti
1164 1327 1279 1431 lunt,
1303 1309 1366 1411 δι
1360 1325 1508 1412 uentris
1525 1325 1721 1432 intentio,
1751 1330 1940 1426 tametfi
1931 1361 1995 1422 in·

731 1461 856 1548 terim
883 1484 1011 1571 neque
1032 1454 1175 1562 seces,
1207 1480 1336 1566 neque
1362 1457 1472 1541 urina
1499 1453 1808 1565 emittebantur,
1833 1461 2000 1572 paulum

731 1591 915 1680 imminu
903 1586 1010 1675 uisa
1025 1588 1095 1678 est.
1162 1581 1326 1676 Silentio
1339 1585 1405 1673 liic
1423 1591 1623 1699 praeteii‘re
1641 1611 1723 1674 non
1743 1588 1861 1674 decet
1876 1615 1885 1670 :
1898 1593 1999 1682 duo·

617 1751 622 1758 ·
731 1723 804 1810 bus
816 1721 972 1808 circiter
986 1714 1183 1806 membris
1203 1735 1415 1828 antequam
1430 1715 1542 1806 huius
1551 1714 1775 1808 admirandi
1789 1723 1997 1816 morbibi„

732 1853 905 1941 lloriam
919 1847 1169 1964 perscribere
1184 1849 1425 1961 inciperem,
1448 1870 1611 1959 aegram,
1629 1851 1693 1954 δι,
1722 1849 1773 1937 de
1789 1875 1870 1964 quo
1883 1852 1994 1968 supra

730 1983 889 2097 scripfi,
921 1983 1059 2070 lateris
1078 1979 1224 2067 dolore
1231 1979 1364 2066 denuo
1381 1993 1618 2091 exceptam,
1634 1979 1677 2065 δι
1691 1980 1740 2066 ab
1754 2005 1822 2090 eo,
1841 1980 1990 2102 sangui-

730 2142 784 2203 ne
825 2114 878 2203 ad
897 2111 995 2200 duas
1027 2132 1164 2199 meave
1188 2111 1325 2198 uncias
1343 2133 1396 2197 ex
1423 2108 1595 2196 bracliio
1623 2111 1772 2197 dolenti
1788 2113 1908 2202 lateri
1935 2144 1994 2208 rt-

729 2243 950 2356 spondente
964 2247 1148 2333 extraeio
1164 2243 1253 2330 cito
1271 2241 1484 2330 liberatam
1503 2240 1589 2328 eise
1664 2229 1828 2332 Verum
1856 2245 1993 2336 hocil·

734 2375 803 2462 lud
829 2375 886 2462 est
906 2375 1113 2488 praecipue
1137 2369 1231 2474 scitu
1265 2373 1550 2460 necessarium:
1589 2369 1708 2482 ipfiur
1725 2399 1881 2487 tegite,
1907 2404 1992 2532 ιιιι

732 2495 994 2617 aSeprembri
1004 2502 1143 2592 Mense
1158 2521 1477 2598 ciatnccxxiii,
1493 2505 1534 2592 in
1551 2500 1721 2616 praesens
1740 2493 1899 2616 tempus
1924 2511 1990 2596 ui-

569 2647 574 2658 '
655 2717 660 2726 ,
732 2637 918 2725 tamfine
934 2659 1047 2720 omni
1036 2631 1146 2721 fere
1163 2654 1266 2746 potu
1291 2653 1512 2748 transegit,
1540 2659 1691 2745 corpus
1713 2659 1837 2754 neque
1855 2661 1909 2723 ex
1928 2659 1993 2756 to.

732 2787 780 2853 to
798 2769 1018 2884 languere,
1047 2790 1175 2876 neque
1197 2764 1428 2853 notabiliter
1442 2763 1743 2852 emarcescere:
1769 2789 1996 2880 quanquam

727 2889 984 3014 insignis'seri
1011 2891 1198 3005 sanguine
1227 2897 1340 2984 tinsli'
1359 2899 1478 3007 copia
1498 2921 1590 2984 cmii
1620 2922 1673 2982 eii
1687 2897 1814 3008 pede,
1837 2919 1922 2996 tum
1943 2923 1994 2988 ex

734 3029 906 3118 brachio
920 3025 1084 3114 summae
1108 3050 1268 3137 quoque
1292 3029 1392 3113 cutis
1415 3027 1591 3138 lympha:
1619 3026 1798 3114 dusiibua
1812 3027 1992 3144 scalpello

496 3217 499 3224 -
601 3219 606 3228 ,
730 3160 966 3278 insanguine
984 3155 1188 3242 mittendo
1206 3156 1405 3264 laceratis,
1424 3154 1933 3273 cicatriculsquelqurrum
1949 3185 1993 3247 ea

731 3319 817 3408 qua
832 3295 872 3376 in
894 3291 997 3374 laevo
1009 3285 1180 3374 brachio
1198 3288 1330 3374 existit
1348 3290 1388 3373 in
1405 3285 1648 3400 profundum
1669 3290 1779 3376 olcus
1796 3288 1990 3408 verseelt)

730 3421 948 3512 tardiffime
970 3414 1127 3505 forsitan
1149 3416 1206 3500 ob
1227 3417 1377 3506 malum
1405 3419 1574 3506 uniuerfi
1597 3421 1786 3532 corporis
1813 3419 1991 3511 habitum

733 3550 986 3642 confirmatis
1004 3547 1185 3664 quotidie
1201 3547 1468 3663 longissimum
1488 3568 1647 3661 tempus
1664 3554 1856 3644 manavit.

839 3677 1022 3774 Facies
1010 3677 1368 3789 inpraesentiarum
1396 3704 1553 3793 quoque
1579 3682 1721 3768 colore
1749 3658 1806 3766 ιιι
1833 3679 1993 3793 quidem

730 3813 816 3901 sere
832 3807 1031 3916 naturali,
1066 3829 1105 3895 at
1124 3835 1227 3895 uero
1245 3834 1337 3896 eam
1354 3833 1431 3900 una
1447 3835 1541 3897 cnm
1558 3813 1711 3924 reliquo
1731 3832 1905 3921 corpore
1922 3835 1995 3900 ne·

733 3971 811 4060 que
830 3940 1082 4052 inspeciem,
1106 3937 1451 4052 quemadmodum
1472 3961 1559 4028 ante
1580 3941 1656 4030 hos
1676 3961 1756 4027 tres
1772 3941 1994 4028 mensesui·

732 4075 902 4180 debatur
925 4069 1181 4187 (distendente
1207 4071 1360 4190 scilicet
1387 4093 1483 4158 tunc
1508 4095 1602 4157 aere
1617 4098 1669 4158 eii
1683 4067 1867 4158 omnium
1881 4098 1995 4183 pene

613 4227 618 4238 ’
733 4209 921 4315 corporis
940 4202 1193 4313 capillariam
1211 4203 1447 4288 arteriarum
1467 4201 1866 4308 cruore,animalium
1878 4201 1987 4317 spiri-

730 4359 842 4424 tuum
861 4333 1061 4437 cuneolis,
1089 4357 1211 4445 quam
1228 4331 1326 4418 sanis
1341 4329 1568 4421 hominibus
1593 4329 1673 4417 effe
1691 4332 1872 4438 debent,
1895 4357 1987 4420 aco-

732 4460 904 4552 tioribus
924 4459 1058 4572 pulso,
1070 4484 1183 4573 atque
1198 4461 1473 4550 muscularium
1492 4463 1689 4550 fibrarum
1707 4463 1993 4572 interstitiia,in·

730 4591 1019 4706 visibilibusque
1041 4595 1139 4686 cutis
1157 4591 1415 4750 soraininibua
1427 4591 1661 4710 intercluso)
1675 4597 1907 4684 naturaliter
1924 4597 1988 4700 ali,

1897 4726 1994 4812 cutia
