4386 5980
605 532 608 542 ¹
749 519 873 662 με,
968 477 1016 586 ·'
1268 474 1649 610 nuntrno,

736 695 925 790 :concur
941 699 1104 822 claustra
1120 725 1260 811 parem
1275 699 1448 788 militum
1458 723 1666 787 nnmerum
1679 698 2010 811 minorennium,

753 849 929 944 ptusque
946 832 1069 934 alendi
1086 830 1263 940 praesidii
1277 831 1408 916 serunt
1434 832 1681 939 partirentur.
1750 825 1903 918 Pacem
1923 834 2009 917 coi·

612 1001 616 1008 =
734 1023 739 1032 .
756 975 889 1046 turam
914 984 997 1044 uon
1016 963 1118 1062 elie,
1137 958 1212 1044 nisr
1231 959 1466 1044 alterutrum
1481 956 1659 1044 Romani
1674 955 1830 1052 faciant.
1894 957 2014 1047 Haec

751 1107 863 1172 anno
910 1109 1058 1201 quarto
1114 1086 1305 1174 Iustiniani
1328 1083 1520 1174 cabades
1555 1086 1761 1174 aRufino
1787 1090 2012 1200 postularit.
2169 1183 2170 1196 p

755 1207 976 1302 inocunm
999 1221 1056 1306 est
1072 1217 1233 1320 beilum,
1258 1215 1455 1306 Romanis
1470 1233 1648 1300 neutram
1667 1217 2014 1302 'conditionemae

688 1353 692 1370 ·
755 1342 1007 1451 tipientibus.
1083 1341 1132 1430 Id
1168 1342 1312 1434 beilum
1334 1341 1536 1454 ¹Romania
1572 1343 1793 1452 prouinciis
1815 1347 2013 1430 excidium

757 1470 964 1581 attuliffet,
990 1476 1033 1560 ni
1048 1469 1238 1562 Cubades
1256 1474 1340 1557 nitu
1352 1467 1555 1559 defunctus
1568 1467 1826 1559 etChosroes
1844 1469 2014 1558 Hunno·
2038 1461 2051 1484 '

698 1591 703 1598 ’
752 1621 846 1682 rum
877 1601 1164 1711 irruptionibus
1182 1595 1554 1706 fuissetexagitanrs.
1615 1597 1683 1716 (5)
1699 1591 1780 1684 -Ad
1804 1628 1894 1689 eom
1924 1627 2013 1686 turn

757 1723 925 1840 legatia
946 1729 1156 1818 Iustiniano
1173 1727 1295 1814 effert
1316 1726 1437 1830 unffi,
1458 1727 1509 1812 de
1522 1731 1836 1839 paceconneuit.
1902 1727 2013 1816 Inter

756 1876 909 1942 ceteras
947 1859 1200 1945 conditiones
1230 1855 1379 1953 latum,
1407 1877 1480 1962 nr,
1513 1856 1587 1940 nifi
1603 1857 1800 1943 Romanis
1817 1853 2014 1950 videretur

756 1988 965 2070 communi
979 2010 1070 2073 tum
1087 1983 1212 2072 Perfis
1228 1983 1425 2102 praefinio
1440 1972 2010 2091 claustraCaucafitutaricen.

689 2189 700 2200 .
752 2115 904 2211 'tenana
919 2110 1003 2200 CX
1023 2113 1104 2205 boc
1119 2113 1201 2234 est,
1236 2114 1422 2198 vndecies
1441 2133 1603 2226 cmtena
1622 2111 1747 2198 millia
1773 2114 1855 2198 auri
1870 2109 2014 2222 pondo

758 2232 883 2337 Pariis
901 2247 1182 2351 appenderent.
1206 2237 1301 2330 Nec
1320 2243 1502 2327 diuturna
1517 2237 1693 2350 paxfuit.
1728 2233 2012 2358 (6)Chosroee

756 2371 864 2456 enim
882 2367 984 2467 baud
1007 2373 1060 2459 ita
1087 2372 1216 2457 multo
1244 2371 1334 2479 post
1354 2367 1516 2480 Syriam
1534 2367 1675 2452 innuit
1696 2365 2013 2470 erAntiocbiann

757 2500 876 2604 cepit
943 2493 1022 2584 Ad
1043 2493 1315 2622 Antiochiam
1334 2499 1384 2582 de
1402 2522 1501 2609 pare
1519 2499 1658 2584 atium.
1726 2484 2014 2596 ChosroeaRo.

756 2626 890 2710 manis
907 2649 1000 2710 eam
1020 2626 1151 2732 legem
1167 2627 1265 2729 tulit,
1275 2649 1318 2711 vt
1336 2629 1378 2709 in
1389 2623 1583 2736 praestnti
1596 2615 1823 2742 pungente,
1837 2627 1875 2710 io
1890 2626 2014 2736 singu

754 2748 821 2837 los
841 2773 971 2839 autem
986 2779 1113 2840 annos
1123 2756 1297 2868 quinque
1314 2741 1537 2840 centenaria
1550 2753 1840 2840 autitributurn
1856 2757 2008 2866 pende-

756 2903 850 2966 rent
894 2871 1020 2968 Persis
1061 2883 1112 2970 ad
1153 2883 1388 2993 praesidium
1419 2878 1583 2969 Caucaii
1603 2879 1907 3000 excubantibus.
1974 2887 2014 2974 Is
2169 2883 2170 2918 ¹

759 3005 962 3096 Chostoes
985 3011 1043 3096 est
1067 3037 1217 3124 ‚quem
1260 3003 1401 3096 Persae
1425 3003 1697 3116 Nusriuanum
1730 3031 2015 3122 cognomento

678 3136 685 3154 ”
757 3130 907 3248 Cosres
928 3156 1096 3242 rotant,
1136 3143 1313 3225 omnium
1332 3157 1423 3223 ante
1442 3139 1480 3222 se
1496 3164 1636 3250 regunt
1653 3137 1778 3244 longe
1793 3142 2011 3238 maximoe.

664 3293 673 3334 ι
755 3257 808 3350 Α
824 3267 933 3352 cuius
949 3270 1130 3376 potentia
1151 3291 1235 3353 noo
1253 3265 1564 3352 abhorrettanti
1577 3267 1681 3352 muri
1694 3267 1963 3354 machinatio:
1974 3293 2014 3359 et

754 3389 925 3505 longum
939 3390 1012 3480 fuit
1026 3395 1122 3482 iilius
1133 3397 1371 3505 inperium,
1402 3393 1708 3506 vtperfitiendo
1727 3397 1843 3506 operi
1856 3385 2008 3486 firffice.

754 3521 963 3630 retNam,
982 3525 1078 3610 teste
1099 3517 1286 3636 Georgio
1305 3519 1511 3634 syncello,
1524 3519 1590 3637 (7)
1601 3545 1727 3608 anuos
1745 3525 1844 3609 odio
1862 3545 1903 3610 et
1914 3553 2005 3638 qur.

755 3645 935 3762 draginn
949 3655 1141 3761 regnauit.
1202 3649 1281 3738 Ad
1311 3653 1561 3762 postremum
1586 3676 1668 3736 uon
1693 3657 2008 3760 praetermitten-

743 3776 853 3864 'dunr
871 3779 964 3865 duxi
979 3781 1119 3866 locum
1134 3773 1329 3892 Gregorii
1344 3776 1599 3884 Malatienfir,
1625 3778 1692 3891 qui
1707 3779 1912 3892 postquam
1927 3808 2014 3868 rnu-

727 3901 845 3994 ⁸tunt
866 3908 917 3992 ab
938 3904 1182 3996 Alexandro
1201 3895 1408 4024 eonditum
1425 3906 1659 4020 perhibuit,
1686 3910 1728 3993 in
1744 3933 1833 3996 eam
1851 3907 2014 3996 senten·

659 4047 663 4056 '
752 4033 851 4120 tiam
868 4035 968 4123 sanna
987 4037 1056 4128 est.
1068 4037 1201 4154 Reges
1217 4035 1426 4126 Persarum
1456 4023 1768 4144 non'destitiii'e‚
1789 4041 2015 4147 quaerendo

749 4182 904 4280 muro,
926 4165 1060 4256 donec
1084 4193 1177 4284 euru
1199 4168 1396 4285 reperiret
1415 4163 1679 4281 Jazdegerdro
1694 4161 1814 4285 gfilius
1837 4161 2014 4254 Bahram

844 4542 919 4672 ir)
974 4545 1330 4680 rammam
1375 4571 1488 4662 xro.
1547 4539 1629 4672 (7)·
1668 4505 1851 4682 spon
1958 4707 1964 4720 ·
