<?xml version="1.0" encoding="UTF-8"?>
<!DOCTYPE html PUBLIC "-//W3C//DTD XHTML 1.0 Transitional//EN"
    "http://www.w3.org/TR/xhtml1/DTD/xhtml1-transitional.dtd">
<html xmlns="http://www.w3.org/1999/xhtml" xml:lang="en" lang="en">
 <head>
  <title>
</title>
<meta http-equiv="Content-Type" content="text/html;charset=utf-8" />
  <meta name='ocr-system' content='tesseract 3.04.00' />
  <meta name='ocr-capabilities' content='ocr_page ocr_carea ocr_par ocr_line ocrx_word'/>
</head>
<body>
  <div class='ocr_page' id='page_1' title='image "./commentariiacad02sssrgoog_0014.png"; bbox 0 0 4376 5952; ppageno 0'>
   <div class='ocr_carea' id='block_1_1' title="bbox 95 547 1850 3091">
    <p class='ocr_par' dir='ltr' id='par_1_1' title="bbox 95 547 1850 3091">
     <span class='ocr_line' id='line_1_1' title="bbox 218 547 1850 721; baseline -0.001 -39"><span class='ocrx_word' id='word_1_1' title='bbox 218 551 428 682; x_wconf 81' lang='lat' dir='ltr'><em>tataris</em></span> <span class='ocrx_word' id='word_1_2' title='bbox 455 548 759 720; x_wconf 79' lang='lat' dir='ltr'><em>exemplant</em></span> <span class='ocrx_word' id='word_1_3' title='bbox 780 547 991 721; x_wconf 81' lang='lat' dir='ltr'><em>reliqna</em></span> <span class='ocrx_word' id='word_1_4' title='bbox 1011 549 1618 680; x_wconf 81' lang='lat' dir='ltr'><em>heninantarbaenrn-</em></span> <span class='ocrx_word' id='word_1_5' title='bbox 1782 549 1850 704; x_wconf 85' lang='lat' dir='ltr'><em> </em></span> 
     </span>
     <span class='ocr_line' id='line_1_2' title="bbox 212 722 1616 896; baseline 0 -52"><span class='ocrx_word' id='word_1_6' title='bbox 212 734 344 896; x_wconf 86' lang='lat' dir='ltr'><em>pani</em></span> <span class='ocrx_word' id='word_1_7' title='bbox 358 722 513 888; x_wconf 88' lang='lat' dir='ltr'><em>salet:</em></span> <span class='ocrx_word' id='word_1_8' title='bbox 561 722 763 844; x_wconf 83' lang='lat' dir='ltr'><em>ideireo</em></span> <span class='ocrx_word' id='word_1_9' title='bbox 795 722 1221 854; x_wconf 84' lang='lat' dir='ltr'><em>Mathematnrn</em></span> <span class='ocrx_word' id='word_1_10' title='bbox 1252 752 1307 874; x_wconf 89' lang='lat' dir='ltr'><em>et</em></span> <span class='ocrx_word' id='word_1_11' title='bbox 1337 727 1399 848; x_wconf 89' lang='lat' dir='ltr'><strong>H</strong></span> <span class='ocrx_word' id='word_1_12' title='bbox 1401 723 1616 882; x_wconf 87' lang='lat' dir='ltr'><em>istoria-</em></span> 
     </span>
     <span class='ocr_line' id='line_1_3' title="bbox 220 886 1760 1060; baseline -0.001 -44"><span class='ocrx_word' id='word_1_13' title='bbox 220 937 347 1016; x_wconf 84' lang='lat' dir='ltr'><em>rnnr</em></span> <span class='ocrx_word' id='word_1_14' title='bbox 373 897 634 1060; x_wconf 79' lang='lat' dir='ltr'><em>epitomas</em></span> <span class='ocrx_word' id='word_1_15' title='bbox 648 889 909 1060; x_wconf 87' lang='lat' dir='ltr'><em>qnasdann</em></span> <span class='ocrx_word' id='word_1_16' title='bbox 917 897 1095 1013; x_wconf 92' lang='lat' dir='ltr'><em>aetati</em></span> <span class='ocrx_word' id='word_1_17' title='bbox 1110 921 1273 1060; x_wconf 85' lang='lat' dir='ltr'><em>atqne</em></span> <span class='ocrx_word' id='word_1_18' title='bbox 1285 886 1448 1012; x_wconf 80' lang='lat' dir='ltr'><em>indoli</em></span> <span class='ocrx_word' id='word_1_19' title='bbox 1459 889 1619 1016; x_wconf 86' lang='lat' dir='ltr'><em>Tnae</em></span> <span class='ocrx_word' id='word_1_20' title='bbox 1757 889 1760 898; x_wconf 71' lang='grc'>’</span> 
     </span>
     <span class='ocr_line' id='line_1_4' title="bbox 218 1049 1615 1229; baseline 0 -45"><span class='ocrx_word' id='word_1_21' title='bbox 218 1093 379 1228; x_wconf 84' lang='lat' dir='ltr'><em>aptas</em></span> <span class='ocrx_word' id='word_1_22' title='bbox 391 1067 615 1229; x_wconf 85' lang='lat' dir='ltr'><em>partina</em></span> <span class='ocrx_word' id='word_1_23' title='bbox 634 1049 946 1203; x_wconf 81' lang='lat' dir='ltr'><em>ediderint,</em></span> <span class='ocrx_word' id='word_1_24' title='bbox 951 1067 1175 1227; x_wconf 85' lang='lat' dir='ltr'><em>partirn</em></span> <span class='ocrx_word' id='word_1_25' title='bbox 1191 1058 1368 1184; x_wconf 85' lang='lat' dir='ltr'><em>adhna</em></span> <span class='ocrx_word' id='word_1_26' title='bbox 1378 1093 1615 1227; x_wconf 87' lang='lat' dir='ltr'><em>parant,</em></span> 
     </span>
     <span class='ocr_line' id='line_1_5' title="bbox 218 1228 1616 1399; baseline 0.001 -47"><span class='ocrx_word' id='word_1_27' title='bbox 218 1233 410 1399; x_wconf 87' lang='lat' dir='ltr'><em>qnibns</em></span> <span class='ocrx_word' id='word_1_28' title='bbox 442 1235 731 1398; x_wconf 87' lang='lat' dir='ltr'><em>atrinsqne</em></span> <span class='ocrx_word' id='word_1_29' title='bbox 756 1229 1027 1390; x_wconf 79' lang='lat' dir='ltr'><em>scientiae</em></span> <span class='ocrx_word' id='word_1_30' title='bbox 1070 1230 1240 1352; x_wconf 91' lang='lat' dir='ltr'><em>initia</em></span> <span class='ocrx_word' id='word_1_31' title='bbox 1282 1228 1616 1378; x_wconf 86' lang='lat' dir='ltr'><em>tradantnr,</em></span> 
     </span>
     <span class='ocr_line' id='line_1_6' title="bbox 138 1387 1618 1566; baseline 0.001 -44"><span class='ocrx_word' id='word_1_32' title='bbox 138 1417 142 1426; x_wconf 81' lang='grc'>’</span> <span class='ocrx_word' id='word_1_33' title='bbox 200 1395 395 1564; x_wconf 83' lang='lat' dir='ltr'><em>sardia</em></span> <span class='ocrx_word' id='word_1_34' title='bbox 420 1397 517 1521; x_wconf 86' lang='lat' dir='ltr'><em>illa</em></span> <span class='ocrx_word' id='word_1_35' title='bbox 554 1395 788 1566; x_wconf 82' lang='lat' dir='ltr'><em>quiden,</em></span> <span class='ocrx_word' id='word_1_36' title='bbox 806 1395 915 1560; x_wconf 86' lang='lat' dir='ltr'><em>sed</em></span> <span class='ocrx_word' id='word_1_37' title='bbox 941 1402 1029 1519; x_wconf 89' lang='lat' dir='ltr'><em>ita</em></span> <span class='ocrx_word' id='word_1_38' title='bbox 1074 1394 1387 1564; x_wconf 78' lang='lat' dir='ltr'><em>neeeffiaria,</em></span> <span class='ocrx_word' id='word_1_39' title='bbox 1421 1387 1618 1564; x_wconf 81' lang='lat' dir='ltr'><em>ntsine</em></span> 
     </span>
     <span class='ocr_line' id='line_1_7' title="bbox 214 1563 1616 1736; baseline 0 -44"><span class='ocrx_word' id='word_1_40' title='bbox 214 1567 409 1692; x_wconf 90' lang='lat' dir='ltr'><em>iisdern</em></span> <span class='ocrx_word' id='word_1_41' title='bbox 430 1563 509 1690; x_wconf 90' lang='lat' dir='ltr'><em>ad</em></span> <span class='ocrx_word' id='word_1_42' title='bbox 525 1608 723 1690; x_wconf 83' lang='lat' dir='ltr'><em>nerant</em></span> <span class='ocrx_word' id='word_1_43' title='bbox 745 1565 1107 1708; x_wconf 81' lang='lat' dir='ltr'><em>eruditionem</em></span> <span class='ocrx_word' id='word_1_44' title='bbox 1134 1609 1285 1690; x_wconf 91' lang='lat' dir='ltr'><em>nernn</em></span> <span class='ocrx_word' id='word_1_45' title='bbox 1299 1575 1616 1736; x_wconf 82' lang='lat' dir='ltr'><em>perveniat.</em></span> 
     </span>
     <span class='ocr_line' id='line_1_8' title="bbox 214 1731 1621 1896; baseline -0.003 -34"><span class='ocrx_word' id='word_1_46' title='bbox 214 1741 525 1862; x_wconf 89' lang='lat' dir='ltr'><em>Praeterea</em></span> <span class='ocrx_word' id='word_1_47' title='bbox 571 1740 723 1896; x_wconf 84' lang='lat' dir='ltr'><em>nsnnt</em></span> <span class='ocrx_word' id='word_1_48' title='bbox 764 1731 1145 1858; x_wconf 85' lang='lat' dir='ltr'><em>rnaahirrarnn</em></span> <span class='ocrx_word' id='word_1_49' title='bbox 1193 1740 1253 1856; x_wconf 94' lang='lat' dir='ltr'><em>in</em></span> <span class='ocrx_word' id='word_1_50' title='bbox 1289 1737 1621 1860; x_wconf 90' lang='lat' dir='ltr'><em>attennanda</em></span> 
     </span>
     <span class='ocr_line' id='line_1_9' title="bbox 210 1898 1620 2072; baseline 0 -43"><span class='ocrx_word' id='word_1_51' title='bbox 210 1899 669 2072; x_wconf 67' lang='lat' dir='ltr'><em>comprimendae</em></span> <span class='ocrx_word' id='word_1_52' title='bbox 706 1941 855 2050; x_wconf 83' lang='lat' dir='ltr'><em>aere,</em></span> <span class='ocrx_word' id='word_1_53' title='bbox 907 1910 968 2026; x_wconf 90' lang='lat' dir='ltr'><em>in</em></span> <span class='ocrx_word' id='word_1_54' title='bbox 1007 1898 1300 2054; x_wconf 79' lang='lat' dir='ltr'><em>allevandis</em></span> <span class='ocrx_word' id='word_1_55' title='bbox 1328 1935 1522 2068; x_wconf 83' lang='lat' dir='ltr'><em>parva</em></span> <span class='ocrx_word' id='word_1_56' title='bbox 1556 1911 1620 2030; x_wconf 84' lang='lat' dir='ltr'><em>ni</em></span> 
     </span>
     <span class='ocr_line' id='line_1_10' title="bbox 208 2065 1623 2237; baseline 0.001 -39"><span class='ocrx_word' id='word_1_57' title='bbox 208 2080 477 2198; x_wconf 87' lang='lat' dir='ltr'><em>maxinris</em></span> <span class='ocrx_word' id='word_1_58' title='bbox 496 2070 768 2213; x_wconf 81' lang='lat' dir='ltr'><em>oneribus,</em></span> <span class='ocrx_word' id='word_1_59' title='bbox 799 2078 857 2192; x_wconf 93' lang='lat' dir='ltr'><em>in</em></span> <span class='ocrx_word' id='word_1_60' title='bbox 876 2071 1159 2192; x_wconf 85' lang='lat' dir='ltr'><em>excitando</em></span> <span class='ocrx_word' id='word_1_61' title='bbox 1178 2065 1623 2237; x_wconf 81' lang='lat' dir='ltr'><em>perradiasstdis</em></span> 
     </span>
     <span class='ocr_line' id='line_1_11' title="bbox 95 2233 1639 2407; baseline 0.001 -43"><span class='ocrx_word' id='word_1_62' title='bbox 95 2309 100 2317; x_wconf 94' lang='lat'>·</span> <span class='ocrx_word' id='word_1_63' title='bbox 205 2249 366 2407; x_wconf 83' lang='lat' dir='ltr'><em>igne,</em></span> <span class='ocrx_word' id='word_1_64' title='bbox 386 2237 599 2407; x_wconf 87' lang='lat' dir='ltr'><em>aliaqne</em></span> <span class='ocrx_word' id='word_1_65' title='bbox 615 2268 671 2359; x_wconf 87' lang='lat' dir='ltr'><em>et</em></span> <span class='ocrx_word' id='word_1_66' title='bbox 687 2233 844 2360; x_wconf 91' lang='lat' dir='ltr'><em>atilia</em></span> <span class='ocrx_word' id='word_1_67' title='bbox 862 2269 918 2360; x_wconf 90' lang='lat' dir='ltr'><em>et</em></span> <span class='ocrx_word' id='word_1_68' title='bbox 934 2245 995 2360; x_wconf 84' lang='lat' dir='ltr'><em>vi</em></span> <span class='ocrx_word' id='word_1_69' title='bbox 1015 2283 1051 2361; x_wconf 95' lang='lat' dir='ltr'><em>n</em></span> <span class='ocrx_word' id='word_1_70' title='bbox 1071 2238 1310 2400; x_wconf 86' lang='lat' dir='ltr'><em>inrnnda</em></span> <span class='ocrx_word' id='word_1_71' title='bbox 1331 2237 1464 2365; x_wconf 85' lang='lat' dir='ltr'><em>Tibi</em></span> <span class='ocrx_word' id='word_1_72' title='bbox 1455 2240 1639 2405; x_wconf 75' lang='lat' dir='ltr'><em>finni¹</em></span> 
     </span>
     <span class='ocr_line' id='line_1_12' title="bbox 211 2405 1734 2579; baseline 0.003 -47"><span class='ocrx_word' id='word_1_73' title='bbox 211 2441 378 2579; x_wconf 85' lang='lat' dir='ltr'><em>arqne</em></span> <span class='ocrx_word' id='word_1_74' title='bbox 399 2414 608 2530; x_wconf 79' lang='lat' dir='ltr'><em>iterata</em></span> <span class='ocrx_word' id='word_1_75' title='bbox 644 2405 1104 2566; x_wconf 73' lang='lat' dir='ltr'><em>denordtrarnnt,</em></span> <span class='ocrx_word' id='word_1_76' title='bbox 1139 2449 1328 2577; x_wconf 81' lang='lat' dir='ltr'><em>qnare,</em></span> <span class='ocrx_word' id='word_1_77' title='bbox 1362 2417 1634 2536; x_wconf 69' lang='lat' dir='ltr'><em>niteant.</em></span> <span class='ocrx_word' id='word_1_78' title='bbox 1730 2433 1734 2440; x_wconf 83' lang='lat'>&#39;</span> 
     </span>
     <span class='ocr_line' id='line_1_13' title="bbox 154 2573 1626 2747; baseline 0 -44"><span class='ocrx_word' id='word_1_79' title='bbox 154 2705 160 2714; x_wconf 77' lang='grc'><em>,</em></span> <span class='ocrx_word' id='word_1_80' title='bbox 212 2577 423 2723; x_wconf 83' lang='lat' dir='ltr'><em>basiis,</em></span> <span class='ocrx_word' id='word_1_81' title='bbox 458 2585 552 2747; x_wconf 86' lang='lat' dir='ltr'><em>qai</em></span> <span class='ocrx_word' id='word_1_82' title='bbox 569 2573 880 2739; x_wconf 66' lang='lat' dir='ltr'><em>aefftabant,</em></span> <span class='ocrx_word' id='word_1_83' title='bbox 915 2574 1264 2745; x_wconf 84' lang='lat' dir='ltr'><em>contemplari</em></span> <span class='ocrx_word' id='word_1_84' title='bbox 1279 2587 1458 2704; x_wconf 89' lang='lat' dir='ltr'><em>onnia</em></span> <span class='ocrx_word' id='word_1_85' title='bbox 1472 2623 1626 2706; x_wconf 84' lang='lat' dir='ltr'><em>aran</em></span> 
     </span>
     <span class='ocr_line' id='line_1_14' title="bbox 213 2742 1776 2920; baseline 0.001 -50"><span class='ocrx_word' id='word_1_86' title='bbox 213 2779 360 2893; x_wconf 83' lang='lat' dir='ltr'><em>rate,</em></span> <span class='ocrx_word' id='word_1_87' title='bbox 393 2744 625 2870; x_wconf 88' lang='lat' dir='ltr'><em>antliarn</em></span> <span class='ocrx_word' id='word_1_88' title='bbox 650 2743 868 2916; x_wconf 86' lang='lat' dir='ltr'><em>deniqne</em></span> <span class='ocrx_word' id='word_1_89' title='bbox 888 2742 993 2914; x_wconf 65' lang='lat' dir='ltr'><em>ipſse</em></span> <span class='ocrx_word' id='word_1_90' title='bbox 1010 2787 1175 2872; x_wconf 87' lang='lat' dir='ltr'><em>rnann</em></span> <span class='ocrx_word' id='word_1_91' title='bbox 1205 2745 1432 2908; x_wconf 81' lang='lat' dir='ltr'><em>aerfitre</em></span> <span class='ocrx_word' id='word_1_92' title='bbox 1456 2780 1623 2920; x_wconf 87' lang='lat' dir='ltr'><em>atqne</em></span> <span class='ocrx_word' id='word_1_93' title='bbox 1683 2743 1689 2754; x_wconf 72' lang='grc'><strong>’</strong></span> <span class='ocrx_word' id='word_1_94' title='bbox 1771 2859 1776 2872; x_wconf 92' lang='grc'><em>,</em></span> 
     </span>
     <span class='ocr_line' id='line_1_15' title="bbox 212 2911 1624 3091; baseline 0.002 -52"><span class='ocrx_word' id='word_1_95' title='bbox 212 2959 401 3041; x_wconf 81' lang='lat' dir='ltr'><em>nerent</em></span> <span class='ocrx_word' id='word_1_96' title='bbox 434 2911 739 3041; x_wconf 78' lang='lat' dir='ltr'><em>extrahere</em></span> <span class='ocrx_word' id='word_1_97' title='bbox 765 2913 1056 3081; x_wconf 80' lang='lat' dir='ltr'><em>gauderes.</em></span> <span class='ocrx_word' id='word_1_98' title='bbox 1127 2917 1192 3042; x_wconf 88' lang='lat' dir='ltr'><strong>H</strong></span> <span class='ocrx_word' id='word_1_99' title='bbox 1193 2959 1285 3040; x_wconf 88' lang='lat' dir='ltr'><em>aec</em></span> <span class='ocrx_word' id='word_1_100' title='bbox 1315 2912 1412 3064; x_wconf 82' lang='lat' dir='ltr'><em>illi,</em></span> <span class='ocrx_word' id='word_1_101' title='bbox 1443 2951 1514 3052; x_wconf 71' lang='lat' dir='ltr'><em>,nt</em></span> <span class='ocrx_word' id='word_1_102' title='bbox 1523 2955 1624 3091; x_wconf 86' lang='lat' dir='ltr'><em>pn-</em></span> 
     </span>
    </p>
   </div>
   <div class='ocr_carea' id='block_1_2' title="bbox 13 3082 1941 3426">
    <p class='ocr_par' dir='ltr' id='par_1_2' title="bbox 13 3082 1941 3426">
     <span class='ocr_line' id='line_1_16' title="bbox 212 3082 1941 3254; baseline 0.001 -46"><span class='ocrx_word' id='word_1_103' title='bbox 212 3117 395 3231; x_wconf 82' lang='lat' dir='ltr'><em>terere,</em></span> <span class='ocrx_word' id='word_1_104' title='bbox 430 3091 490 3208; x_wconf 95' lang='lat' dir='ltr'><em>in</em></span> <span class='ocrx_word' id='word_1_105' title='bbox 513 3086 655 3207; x_wconf 83' lang='lat' dir='ltr'><em>haar</em></span> <span class='ocrx_word' id='word_1_106' title='bbox 688 3082 823 3208; x_wconf 88' lang='lat' dir='ltr'><em>diern</em></span> <span class='ocrx_word' id='word_1_107' title='bbox 843 3115 1151 3232; x_wconf 83' lang='lat' dir='ltr'><em>tentarant,</em></span> <span class='ocrx_word' id='word_1_108' title='bbox 1176 3083 1353 3254; x_wconf 86' lang='lat' dir='ltr'><em>plara</em></span> <span class='ocrx_word' id='word_1_109' title='bbox 1375 3085 1623 3236; x_wconf 74' lang='lat' dir='ltr'><em>alienat-</em></span> <span class='ocrx_word' id='word_1_110' title='bbox 1767 3139 1774 3149; x_wconf 94' lang='lat'><strong>·</strong></span> <span class='ocrx_word' id='word_1_111' title='bbox 1938 3105 1941 3113; x_wconf 80' lang='grc'><strong>’</strong></span> 
     </span>
     <span class='ocr_line' id='line_1_17' title="bbox 13 3249 1623 3426; baseline 0.002 -48"><span class='ocrx_word' id='word_1_112' title='bbox 13 3287 15 3302; x_wconf 82' lang='grc'><strong>’</strong></span> <span class='ocrx_word' id='word_1_113' title='bbox 211 3299 312 3425; x_wconf 88' lang='lat' dir='ltr'><em>qne</em></span> <span class='ocrx_word' id='word_1_114' title='bbox 330 3261 541 3382; x_wconf 88' lang='lat' dir='ltr'><em>maiora</em></span> <span class='ocrx_word' id='word_1_115' title='bbox 557 3260 616 3376; x_wconf 94' lang='lat' dir='ltr'><em>in</em></span> <span class='ocrx_word' id='word_1_116' title='bbox 636 3249 1086 3424; x_wconf 85' lang='lat' dir='ltr'><em>Trarannaeqne</em></span> <span class='ocrx_word' id='word_1_117' title='bbox 1101 3261 1281 3422; x_wconf 84' lang='lat' dir='ltr'><em>gentis</em></span> <span class='ocrx_word' id='word_1_118' title='bbox 1290 3257 1442 3417; x_wconf 74' lang='lat' dir='ltr'><em>adana</em></span> <span class='ocrx_word' id='word_1_119' title='bbox 1450 3292 1623 3426; x_wconf 84' lang='lat' dir='ltr'><em>prae-</em></span> 
     </span>
    </p>
   </div>
   <div class='ocr_carea' id='block_1_3' title="bbox 195 3419 1625 3592">
    <p class='ocr_par' dir='ltr' id='par_1_3' title="bbox 195 3419 1625 3592">
     <span class='ocr_line' id='line_1_18' title="bbox 195 3419 1625 3592; baseline 0.001 -44"><span class='ocrx_word' id='word_1_120' title='bbox 195 3425 423 3583; x_wconf 83' lang='lat' dir='ltr'><em>stitnri.</em></span> <span class='ocrx_word' id='word_1_121' title='bbox 485 3424 654 3552; x_wconf 20' lang='lat' dir='ltr'><em>*Sient</em></span> <span class='ocrx_word' id='word_1_122' title='bbox 701 3463 803 3543; x_wconf 90' lang='lat' dir='ltr'><em>non</em></span> <span class='ocrx_word' id='word_1_123' title='bbox 820 3421 959 3546; x_wconf 84' lang='lat' dir='ltr'><em>ildito</em></span> <span class='ocrx_word' id='word_1_124' title='bbox 996 3458 1162 3590; x_wconf 81' lang='lat' dir='ltr'><em>ponta</em></span> <span class='ocrx_word' id='word_1_125' title='bbox 1184 3419 1404 3592; x_wconf 82' lang='lat' dir='ltr'><em>profert</em></span> <span class='ocrx_word' id='word_1_126' title='bbox 1452 3428 1625 3550; x_wconf 89' lang='lat' dir='ltr'><em>arbor</em></span> 
     </span>
    </p>
   </div>
   <div class='ocr_carea' id='block_1_4' title="bbox 205 3581 1841 3762">
    <p class='ocr_par' dir='ltr' id='par_1_4' title="bbox 205 3581 1841 3762">
     <span class='ocr_line' id='line_1_19' title="bbox 205 3581 1841 3762; baseline -0.004 -42"><span class='ocrx_word' id='word_1_127' title='bbox 205 3586 903 3762; x_wconf 81' lang='lat' dir='ltr'><em>peregretransplnntata,</em></span> <span class='ocrx_word' id='word_1_128' title='bbox 920 3585 1026 3754; x_wconf 87' lang='lat' dir='ltr'><em>sed</em></span> <span class='ocrx_word' id='word_1_129' title='bbox 1041 3623 1280 3762; x_wconf 80' lang='lat' dir='ltr'><em>ternpore</em></span> <span class='ocrx_word' id='word_1_130' title='bbox 1306 3627 1437 3762; x_wconf 82' lang='lat' dir='ltr'><em>opas</em></span> <span class='ocrx_word' id='word_1_131' title='bbox 1456 3591 1624 3722; x_wconf 84' lang='lat' dir='ltr'><em>habet</em></span> <span class='ocrx_word' id='word_1_132' title='bbox 1738 3668 1741 3674; x_wconf 93' lang='lat'>·</span> <span class='ocrx_word' id='word_1_133' title='bbox 1836 3581 1841 3588; x_wconf 67' lang='grc'><strong>’</strong></span> 
     </span>
    </p>
   </div>
   <div class='ocr_carea' id='block_1_5' title="bbox 214 3757 1625 3932">
    <p class='ocr_par' dir='ltr' id='par_1_5' title="bbox 214 3757 1625 3932">
     <span class='ocr_line' id='line_1_20' title="bbox 214 3757 1625 3932; baseline 0.003 -46"><span class='ocrx_word' id='word_1_134' title='bbox 214 3796 268 3887; x_wconf 88' lang='lat' dir='ltr'><em>et</em></span> <span class='ocrx_word' id='word_1_135' title='bbox 293 3757 640 3928; x_wconf 80' lang='lat' dir='ltr'><em>caltarafhli,</em></span> <span class='ocrx_word' id='word_1_136' title='bbox 674 3791 740 3884; x_wconf 91' lang='lat' dir='ltr'><em>nt</em></span> <span class='ocrx_word' id='word_1_137' title='bbox 768 3759 975 3885; x_wconf 83' lang='lat' dir='ltr'><em>radices</em></span> <span class='ocrx_word' id='word_1_138' title='bbox 1002 3794 1141 3928; x_wconf 82' lang='lat' dir='ltr'><em>agat</em></span> <span class='ocrx_word' id='word_1_139' title='bbox 1157 3773 1320 3932; x_wconf 84' lang='lat' dir='ltr'><em>atqne</em></span> <span class='ocrx_word' id='word_1_140' title='bbox 1338 3769 1625 3890; x_wconf 86' lang='lat' dir='ltr'><em>interrant</em></span> 
     </span>
    </p>
   </div>
   <div class='ocr_carea' id='block_1_6' title="bbox 23 3923 1779 4950">
    <p class='ocr_par' dir='ltr' id='par_1_6' title="bbox 23 3923 1779 4950">
     <span class='ocr_line' id='line_1_21' title="bbox 213 3923 1625 4101; baseline 0 -43"><span class='ocrx_word' id='word_1_141' title='bbox 213 3923 457 4094; x_wconf 76' lang='lat' dir='ltr'><em>irfinnet,¹</em></span> <span class='ocrx_word' id='word_1_142' title='bbox 469 3963 760 4099; x_wconf 87' lang='lat' dir='ltr'><em>anteqnanr</em></span> <span class='ocrx_word' id='word_1_143' title='bbox 775 3926 1064 4096; x_wconf 80' lang='lat' dir='ltr'><em>efflorescat</em></span> <span class='ocrx_word' id='word_1_144' title='bbox 1083 3962 1135 4056; x_wconf 91' lang='lat' dir='ltr'><em>et</em></span> <span class='ocrx_word' id='word_1_145' title='bbox 1140 3929 1369 4101; x_wconf 87' lang='lat' dir='ltr'><em>srnrtns</em></span> <span class='ocrx_word' id='word_1_146' title='bbox 1387 3934 1625 4099; x_wconf 86' lang='lat' dir='ltr'><em>ipsasnas</em></span> 
     </span>
     <span class='ocr_line' id='line_1_22' title="bbox 214 4085 1626 4272; baseline -0.001 -45"><span class='ocrx_word' id='word_1_147' title='bbox 214 4100 560 4272; x_wconf 78' lang='lat' dir='ltr'><em>carpentibus</em></span> <span class='ocrx_word' id='word_1_148' title='bbox 578 4085 1138 4269; x_wconf 75' lang='lat' dir='ltr'><em>conmendarepeffit:</em></span> <span class='ocrx_word' id='word_1_149' title='bbox 1170 4107 1254 4223; x_wconf 90' lang='lat' dir='ltr'><em>ita</em></span> <span class='ocrx_word' id='word_1_150' title='bbox 1283 4107 1487 4226; x_wconf 88' lang='lat' dir='ltr'><em>mirnrn</em></span> <span class='ocrx_word' id='word_1_151' title='bbox 1507 4143 1626 4226; x_wconf 91' lang='lat' dir='ltr'><em>non</em></span> 
     </span>
     <span class='ocr_line' id='line_1_23' title="bbox 214 4269 1626 4434; baseline 0.001 -40"><span class='ocrx_word' id='word_1_152' title='bbox 214 4273 309 4434; x_wconf 83' lang='lat' dir='ltr'><em>est,</em></span> <span class='ocrx_word' id='word_1_153' title='bbox 342 4314 446 4394; x_wconf 90' lang='lat' dir='ltr'><em>nna</em></span> <span class='ocrx_word' id='word_1_154' title='bbox 472 4269 711 4392; x_wconf 85' lang='lat' dir='ltr'><em>alterove</em></span> <span class='ocrx_word' id='word_1_155' title='bbox 738 4309 876 4392; x_wconf 90' lang='lat' dir='ltr'><em>anna</em></span> <span class='ocrx_word' id='word_1_156' title='bbox 904 4309 1003 4390; x_wconf 87' lang='lat' dir='ltr'><em>nnn</em></span> <span class='ocrx_word' id='word_1_157' title='bbox 1033 4276 1211 4394; x_wconf 86' lang='lat' dir='ltr'><em>arania</em></span> <span class='ocrx_word' id='word_1_158' title='bbox 1243 4270 1512 4395; x_wconf 85' lang='lat' dir='ltr'><em>canentada</em></span> <span class='ocrx_word' id='word_1_159' title='bbox 1553 4317 1626 4395; x_wconf 82' lang='lat' dir='ltr'><em>ex</em></span> 
     </span>
     <span class='ocr_line' id='line_1_24' title="bbox 214 4427 1625 4608; baseline -0.002 -45"><span class='ocrx_word' id='word_1_160' title='bbox 214 4445 480 4574; x_wconf 72' lang='lat' dir='ltr'><em>sacietate</em></span> <span class='ocrx_word' id='word_1_161' title='bbox 497 4437 685 4602; x_wconf 89' lang='lat' dir='ltr'><em>nostra</em></span> <span class='ocrx_word' id='word_1_162' title='bbox 703 4442 763 4560; x_wconf 94' lang='lat' dir='ltr'><em>in</em></span> <span class='ocrx_word' id='word_1_163' title='bbox 784 4427 1036 4601; x_wconf 84' lang='lat' dir='ltr'><em>Rnfflarn</em></span> <span class='ocrx_word' id='word_1_164' title='bbox 1053 4431 1328 4604; x_wconf 66' lang='lat' dir='ltr'><em>emanasse,</em></span> <span class='ocrx_word' id='word_1_165' title='bbox 1347 4474 1625 4608; x_wconf 82' lang='lat' dir='ltr'><em>qnaeprn-</em></span> 
     </span>
     <span class='ocr_line' id='line_1_25' title="bbox 216 4605 1618 4777; baseline 0 -46"><span class='ocrx_word' id='word_1_166' title='bbox 216 4610 425 4734; x_wconf 88' lang='lat' dir='ltr'><em>eedente</em></span> <span class='ocrx_word' id='word_1_167' title='bbox 466 4637 711 4777; x_wconf 87' lang='lat' dir='ltr'><em>ternpore</em></span> <span class='ocrx_word' id='word_1_168' title='bbox 770 4639 917 4730; x_wconf 85' lang='lat' dir='ltr'><em>certa</em></span> <span class='ocrx_word' id='word_1_169' title='bbox 948 4605 1268 4775; x_wconf 79' lang='lat' dir='ltr'><em>sequentur,</em></span> <span class='ocrx_word' id='word_1_170' title='bbox 1336 4607 1618 4776; x_wconf 72' lang='lat' dir='ltr'><em>pedtqnanr</em></span> 
     </span>
     <span class='ocr_line' id='line_1_26' title="bbox 23 4771 1779 4950; baseline -0.004 -48"><span class='ocrx_word' id='word_1_171' title='bbox 23 4871 27 4950; x_wconf 34' lang='grc' dir='ltr'><strong>ἱ</strong></span> <span class='ocrx_word' id='word_1_172' title='bbox 211 4776 348 4948; x_wconf 80' lang='lat' dir='ltr'><em>leges</em></span> <span class='ocrx_word' id='word_1_173' title='bbox 381 4775 719 4902; x_wconf 77' lang='lat' dir='ltr'><em>Academicis</em></span> <span class='ocrx_word' id='word_1_174' title='bbox 751 4771 898 4900; x_wconf 85' lang='lat' dir='ltr'><em>datas</em></span> <span class='ocrx_word' id='word_1_175' title='bbox 920 4805 975 4898; x_wconf 93' lang='lat' dir='ltr'><em>et</em></span> <span class='ocrx_word' id='word_1_176' title='bbox 1005 4776 1215 4900; x_wconf 86' lang='lat' dir='ltr'><em>reditas</em></span> <span class='ocrx_word' id='word_1_177' title='bbox 1246 4814 1291 4898; x_wconf 80' lang='lat' dir='ltr'><em>a.</em></span> <span class='ocrx_word' id='word_1_178' title='bbox 1313 4779 1625 4900; x_wconf 88' lang='lat' dir='ltr'><em>PetrnMa·</em></span> <span class='ocrx_word' id='word_1_179' title='bbox 1776 4913 1779 4920; x_wconf 44' lang='grc'>,</span> 
     </span>
    </p>
   </div>
   <div class='ocr_carea' id='block_1_7' title="bbox 1518 4985 1627 5110">
    <p class='ocr_par' dir='ltr' id='par_1_7' title="bbox 1518 4985 1627 5110">
     <span class='ocr_line' id='line_1_27' title="bbox 1518 4985 1627 5110; baseline 0 0"><span class='ocrx_word' id='word_1_180' title='bbox 1518 4985 1627 5110; x_wconf 81' lang='lat' dir='ltr'><em>err</em></span> 
     </span>
    </p>
   </div>
   <div class='ocr_carea' id='block_1_8' title="bbox 0 0 2200 5952">
    <p class='ocr_par' dir='ltr' id='par_1_8' title="bbox 0 0 2200 5952">
     <span class='ocr_line' id='line_1_28' title="bbox 0 0 2200 5952; baseline 0 0"><span class='ocrx_word' id='word_1_181' title='bbox 0 0 2200 5952; x_wconf 95' lang='lat' dir='ltr'><em> </em></span> 
     </span>
    </p>
   </div>
  </div>
 </body>
</html>
