4376 5952
671 443 733 612 tn
1058 437 1154 604 nn
1184 497 1557 606 Mensura
1609 607 1612 612 ,

527 783 532 796 ·
668 746 749 832 uim
763 739 936 861 adquam
949 736 1436 859 exdnguuntfimalsamta
1462 737 1546 826 huie
1566 739 1609 826 ni
1634 737 1928 863 equaiassan

666 901 782 985 aeque
802 875 1086 976 clauderentur
1104 871 1181 958 etse
1200 871 1384 971 uidenti,
1406 894 1454 952 ac
1471 870 1597 955 uiltuu
1619 867 1728 956 aliud
1740 869 1925 978 Geome-

614 1000 625 1016 '
670 1005 762 1088 trioe‘
781 1006 953 1108 aniam,
970 1000 1172 1086 &eodem
1193 998 1298 1082 redit
1314 997 1405 1083 acfi
1423 997 1783 1100 decretarum
1794 1019 1932 1114 partes

592 1129 594 1132 ’
668 1131 999 1240 aluujustotiuset
1014 1128 1083 1212 boc
1101 1141 1227 1212 totum
1243 1121 1376 1238 ipsum,
1391 1126 1553 1238 aquata
1569 1121 1654 1238 effe:
1677 1152 1771 1213 nam
1786 1135 1935 1246 fingula
1989 1176 1993 1186 ·

646 1333 653 1344 .
673 1239 966 1367 impedimenta
982 1258 1164 1342 totidem
1181 1273 1317 1364 partes
1337 1255 1442 1337 devi
1457 1278 1684 1366 corporum
1707 1261 1874 1366 tollunt,
1891 1269 1933 1352 &

674 1387 857 1472 uniuersa
874 1405 1009 1472 totam
1028 1387 1125 1470 vim
1188 1383 1500 1530 Dispiciendum
1518 1407 1617 1492 ergo
1645 1387 1766 1470 ressat
1785 1444 1797 1492 ,
1825 1419 1928 1502 quae-

673 1501 776 1600 narn
787 1517 863 1602 fint
881 1515 1174 1625 impedimenta
1192 1514 1259 1598 iila
1288 1527 1375 1621 quae
1397 1514 1508 1597 uires
1533 1537 1759 1622 corporum
1780 1519 1927 1610 exhau

673 1638 829 1758 nunti
846 1642 930 1752 ipsa
948 1644 1123 1759 gravitas
1133 1635 1223 1753 jam
1248 1639 1329 1729 tale
1350 1642 1439 1746 est,
1469 1664 1591 1726 nemo
1615 1647 1723 1728 enim
1750 1648 1932 1756 ignorat,

675 1772 786 1881 quod
802 1795 953 1880 corpus
979 1771 1141 1881 aliquod
1163 1771 1257 1856 data
1281 1793 1375 1856 cum
1399 1769 1600 1855 celeritate
1618 1775 1907 1860 verticaliter'
1896 1801 1937 1862 m

678 1901 804 1984 altum
818 1892 1045 2010 projetium
1059 1919 1217 1984 motum
1230 1898 1337 1982 finum
1355 1893 1439 1984 non
1450 1901 1658 1984 continuet
1667 1903 1708 1982 in
1721 1901 1935 2015 infinitum,
1952 1997 1960 2008 ,

679 2027 752 2112 sed
773 2029 820 2112 ad
846 2049 1003 2114 certam
1024 2047 1179 2114 tantum
1196 2027 1446 2114 altitudinem
1462 2029 1693 2140 pertingat-3
1728 2032 1940 2120 ascendere

678 2175 816 2242 autem
833 2157 998 2242 deberet
1014 2158 1057 2242 in
1084 2160 1312 2261 infinitum,
1341 2156 1372 2241 s1
1392 2158 1542 2275 nullatu
1567 2159 1824 2246 refistentiam
1850 2163 1935 2249 nui·

681 2288 843 2396 ltunque
860 2305 995 2375 motus
1021 2286 1336 2392 inpedimentum
1357 2284 1534 2386 subiret;
1573 2285 1754 2394 adeoque
1795 2297 1852 2376 ex'
1869 2281 1939 2400 ⁶⁰3

680 2415 790 2524 quod
811 2415 1031 2498 limitatam
1045 2431 1199 2496 tantum
1214 2407 1458 2494 altitudinem
1474 2407 1665 2492 conficiat
1684 2437 1806 2521 quarn
1828 2435 1936 2502 tran.

680 2544 786 2633 salire
804 2569 887 2627 non
907 2541 1058 2652 poffit,
1088 2539 1310 2624 necess'ario
1326 2536 1659 2642 concludendum,
1684 2540 1728 2622 id
1758 2543 1944 2632 uenired

673 2672 927 2776 nesrstentiis,
950 2696 1046 2780 quas
1062 2668 1246 2779 superare
1265 2666 1411 2752 debeat
1430 2667 1526 2752 dum
1552 2665 1723 2752 ascendit
1737 2698 1750 2780 3
1764 2669 1825 2755 hae
1841 2676 1945 2775 uero

628 2814 634 2836 ‘
677 2800 910 2885 uefistentioe
976 2823 1059 2882 non
1102 2798 1348 2908 proueniunt
1391 2793 1518 2884 solum
1558 2797 1609 2881 ab
1653 2823 1745 2882 aere
1794 2825 1945 2910 corpus

680 2931 904 3014 ascendens
922 2927 1157 3042 ambiente,
1179 2926 1244 3010 sed
1263 2926 1513 3038 potissimum
1531 2925 1553 3010 i
1569 2922 1784 3037 gravitate.
1813 2927 1948 3018 'Nam

594 3139 596 3146 ,
670 3058 716 3142 'ii
741 3055 865 3141 isoio
883 3052 1003 3140 Aere
1018 3058 1226 3158 uenirent,
1258 3054 1422 3166 Corpus
1436 3055 1532 3142 illud
1550 3057 1590 3138 in
1606 3051 1724 3142 Aere
1742 3056 1945 3142 rarissimo

686 3185 875 3295 adquam
889 3187 1032 3270 liberet
1047 3187 1295 3272 altitudinem
1311 3185 1514 3304 assurgere
1533 3186 1716 3289 deberet,
1740 3186 1947 3295 quodcum

684 3339 773 3398 non
788 3314 883 3418 fiat,
917 3317 1236 3402 concludendum
1256 3317 1328 3417 est,
1344 3315 1497 3400 dictam
1514 3315 1762 3400 altitudinem
1778 3317 1948 3426 gravita-

684 3444 740 3526 tis
756 3445 923 3554 corpori
942 3444 1153 3530 refistentis
1171 3443 1443 3536 indubitatum
1463 3443 1660 3528 indicium
1682 3445 1783 3530 effe:
1815 3446 1947 3556 grati-

690 3589 753 3656 tas
771 3576 879 3656 enim
891 3573 948 3656 est
963 3575 1024 3656 tit
1038 3574 1105 3658 iila
1118 3599 1195 3683 qua
1216 3598 1396 3683 corpora
1415 3565 1567 3682 jugiter
1587 3571 1727 3658 uersus
1757 3572 1949 3660 tellurem

693 3701 897 3807 pelluntur
908 3757 920 3804 ‚
933 3719 1154 3810 propterea
1167 3700 1253 3786 haec
1273 3701 1337 3784 vis
1349 3753 1362 3803 ‚
1374 3703 1528 3809 quippe
1546 3703 1748 3783 contraria
1764 3702 1806 3784 ui
1817 3699 1988 3794 ascen-¹,

657 3879 663 3886 ·
692 3827 855 3930 fionaii,
877 3829 999 3916 instar
1016 3830 1241 3917 resistentie
1256 3821 1347 3939 jam
1363 3827 1575 3938 spectanda
1593 3827 1713 3911 uenit.
1753 3826 1868 3930 Hoc,
1883 3831 1944 3915 ni-

692 3946 944 4062 fallonado)
963 3958 1119 4045 clanim
1138 3960 1219 4062 est,
1237 3955 1438 4042 utfufiore
1453 3945 1700 4065 probatione
1712 3979 1795 4039 non
1807 3957 1945 4044 videa·
2041 3943 2044 3948 ⁵

577 4123 578 4128 Ν
695 4095 760 4169 t'ur
776 4113 909 4196 opus:
954 4081 1035 4172 Sed
1054 4112 1267 4198 nonaeque
1283 4086 1446 4170 euidens
1462 4083 1571 4170 forte
1587 4085 1815 4192 videbitur,
1842 4102 1945 4196 quo-

695 4215 827 4296 modo
856 4215 943 4298 haec
968 4214 1217 4299 refistentini
1244 4215 1441 4324 grauitate
1463 4213 1709 4322 proveniens
1732 4211 1955 4302 mensurari.
2101 4253 2103 4259 2

699 4335 868 4424 debeat?
898 4342 1183 4429 Veruntamen
1208 4341 1466 4452 unusquisque
1486 4343 1557 4451 qui
1578 4341 1810 4450 attenderit,
1839 4345 1952 4454 quod
2015 4390 2017 4398 ·

698 4491 848 4576 corpus
867 4467 1111 4552 ascendens
1099 4495 1143 4554 tn
1159 4467 1318 4579 finguiis
1333 4468 1557 4556 altitudinis
1572 4470 1645 4554 sua
1678 4471 1953 4558 describendae

613 4621 615 4629 ·
687 4597 855 4770 :proriis
871 4575 1126 4710 oeqnntuia
1146 4605 1298 4761 terrain
1325 4602 1523 4716 graviter,
1537 4625 1618 4688 non
1632 4601 1947 4820 ροιοίὶηοιέζζ

1938 4781 1955 4840 t
