4386 5980
554 651 556 656 Ι
709 513 1072 628 caremus
1215 434 1514 666 ..21‘455

251 713 438 836 Caucaso
455 725 650 815 terminat.
679 725 883 818 luemule
900 727 1115 818 Diodorus
1135 723 1202 845 (8)
1228 722 1524 843 Alearandruur=

250 859 373 944 tradit
391 854 564 944 sedecim
592 855 741 944 diebus
772 860 940 946 traiedlo
957 857 1515 972 Paropamisovrbemcon.

251 983 396 1071 didisse
432 977 729 1074 Alexandriam
772 990 813 1070 iu
863 984 1099 1094 Caucaso,
1143 1013 1219 1101 qua
1261 995 1514 1088 in-lllrdlam

249 1115 315 1200 uia
335 1117 544 1226 aperiatur.
613 1109 772 1204 Habuit
791 1117 908 1227 igitur
937 1120 1138 1219 inanimo
1167 1117 1332 1207 claustra
1360 1121 1510 1234 Caspia

247 1261 286 1328 et
302 1243 565 1332 Derbentum
581 1243 736 1331 vrbem.
773 1359 778 1365 Ι
802 1240 884 1330 Ab
905 1243 990 1328 hoc
1014 1271 1179 1357 quoque
1202 1251 1382 1336 orientali
1402 1249 1510 1344 Cau.

247 1371 338 1458 caso
354 1371 545 1482 Polybius
565 1367 634 1484 (9)
650 1369 792 1462 Oxum
814 1375 939 1459 fluere
955 1378 1088 1461 tradit.
1107 1373 1271 1462 Praeter
1281 1376 1386 1464 hanc
1405 1407 1506 1493 geo·

245 1498 558 1612 graphiaeadeo
577 1503 849 1612 pernrrbatam
880 1496 1045 1609 facian,
1077 1505 1149 1590 alia
1174 1528 1238 1589 res
1261 1509 1384 1594 etiam
1410 1510 1504 1598 Ma.

244 1633 420 1716 redonas
442 1633 483 1716 in
505 1647 687 1714 errorem
713 1629 891 1733 seduxit,
917 1623 1122 1716 Strabone
1138 1627 1306 1716 ludica·
1340 1635 1505 1739 quene-
1551 1681 1553 1688 ·
1623 1621 1629 1634 ’
1728 1695 1731 1702 »

236 1751 390 1844 'santio
412 1753 674 1868 Paropamiso
691 1757 838 1844 sacram
856 1759 1052 1869 quandam
1079 1779 1122 1864 et
1148 1760 1384 1848 horribilem
1410 1757 1499 1876 sp't.
1624 1781 1628 1784 ·

198 1994 202 2002 ¹
241 1889 423 1974 luncam:
455 1913 544 1974 eam
564 1887 671 1972 illico
698 1883 987 1996 comparabant
1005 1913 1098 1972 curn
1114 1893 1330 1999 tragoediis
1347 1890 1439 1999 suis,
1458 1899 1504 1982 in
1649 1985 1654 1994 ,

241 2041 364 2128 eaque
378 2016 665 2104 Prometheum
687 2015 798 2104 fuisse
813 2018 984 2105 vindam
1012 2038 1052 2104 et
1080 2019 1131 2100 ab
1154 2017 1329 2108 Hercule
1347 2020 1499 2110 libera-

241 2169 326 2232 tum
354 2146 544 2232 serebant.
608 2144 784 2232 Talibus
803 2144 1002 2232 cothurnis
1018 2147 1432 2236 iuceffitfidusrerum
1447 2153 1499 2264 ab
1633 2139 1636 2144 ⁵

125 2367 129 2376 ,
240 2273 484 2361 Alexandro
502 2275 553 2360 ad
570 2273 787 2362 Caucasum
800 2273 1008 2384 gestarum.
1076 2273 1223 2386 Neque
1238 2279 1280 2364 id
1298 2280 1399 2364 adeo
1415 2284 1492 2366 mi-

121 2515 125 2522 ·
238 2404 412 2490 randum
427 2407 496 2497 cll.
532 2455 535 2464 ·
565 2401 662 2490 Sunt
680 2402 795 2492 enim'
815 2403 858 2486 in
875 2396 1116 2502 Alexandrus
1133 2407 1254 2492 rebus
1276 2409 1402 2494 multa
1422 2409 1497 2496 alia

237 2533 495 2638 irreredibilia‚
529 2553 575 2618 ut
590 2531 788 2625 Hieronis
807 2531 961 2617 alicuius
978 2551 1042 2618 aut
1061 2525 1238 2620 Gelonis
1258 2555 1323 2622 aut
1347 2523 1492 2622 Clear-

238 2665 298 2752 chi
323 2691 385 2750 res
410 2666 538 2750 multo
564 2663 852 2750 celebratiores
877 2659 1073 2746 euaserint
1098 2663 1179 2747 fide
1206 2681 1246 2748 et
1264 2665 1501 2756 auctoritate

234 2793 521 2906 prodentium,
553 2813 673 2900 quam
690 2793 789 2876 tanti
813 2787 966 2892 herois,
990 2790 1101 2874 sicuti
1122 2788 1320 2880 Arrianus
1340 2794 1491 2892 censet,
1587 2811 1591 2822 “
1767 2899 1773 2910 ,

237 2927 291 3013 Et
310 2921 436 3011 adhuc
457 2918 732 3032 indignabitur
748 2915 966 3028 quisquam,
1000 2917 1028 3002 fi
1048 2919 1256 3004 orientales
1279 2920 1408 3018 multo
1433 2920 1506 3008 his
1593 2945 1598 2958 ·

234 3055 440 3157 vaniores,
466 3071 622 3136 temere
638 3050 774 3134 omnia
811 3045 1006 3132 credidsse
1032 3037 1227 3154 dicimus,
1260 3066 1303 3132 et
1329 3043 1492 3138 comula
1566 3055 1570 3066 “

233 3177 478 3296 perturbasse
490 3178 632 3285 magis,
650 3199 690 3262 et
707 3171 847 3262 sabulis
859 3174 1001 3261 assuisse
1014 3168 1200 3262 fabulas?

292 3305 414 3430 Quae
430 3303 723 3424 neqdesutura,
745 3297 1103 3421 nequesussastrnt,
1135 3318 1267 3392 tamen
1279 3303 1484 3426 illisriunt.

240 3491 244 3500 ·
299 3433 445 3547 Fasdrn‘
464 3461 525 3524 au
540 3429 662 3524 uerus
849 3479 853 3488 ·

296 3563 685 3685 Nonfloccisaciunt:
703 3563 790 3649 dum
812 3559 921 3668 illud,
951 3562 1059 3676 quod
1071 3559 1219 3670 lubeat,
1229 3561 1379 3677 sciant.
1474 3637 1475 3642 t

224 3789 227 3794 ,
350 3699 417 3784 Ex
441 3720 523 3805 quo
538 3693 653 3780 fonte
670 3695 785 3800 igitar
793 3691 940 3800 opinio
954 3693 1016 3776 illa
1032 3697 1259 3800 manauerit,
1272 3695 1492 3783 monede-

231 3823 386 3912 claraui.
450 3814 843 3932 Sinnrladparethua
859 3819 1252 3916 canlererbentum
1268 3823 1319 3906 ab
1339 3819 1484 3912 Alex-

182 3971 188 3984 ·
230 3955 362 4044 andro
379 3955 588 4048 conditum
610 3953 751 4040 femur.
816 3939 934 4036 Nam
956 4005 969 4056 ,
1010 3968 1058 4034 rt
1077 3944 1272 4037 Arrianus
1292 3949 1391 4067 (ιο)
1410 3953 1481 4040 ha-

230 4087 325 4187 bet,
373 4085 423 4169 ad
458 4072 762 4191 Paropamisum
786 4073 1039 4164 Alexandria
1062 4077 1113 4162 ab
1150 4103 1201 4161 eo
1227 4081 1286 4164 est
1313 4082 1488 4168 condita

227 4211 376 4306 Plinius
396 4209 463 4328 (r)
477 4209 675 4324 oppidum
700 4205 791 4296 illud
804 4203 923 4320 supra
946 4205 1106 4294 Indiam
1135 4207 1322 4302 collocat.
1389 4209 1485 4300 Eius
1665 4263 1677 4276 f

226 4597 281 4695 L·
303 4459 749 4718 ffldvssda
809 4363 1486 4704 ‹ursol10n·2³02·l3
1540 4671 1547 4688 .
