4386 5980
725 709 843 780 neret
852 705 1015 791 omnes,
1038 680 1146 772 haud
1161 683 1343 794 ignarus,
1369 683 1410 766 in
1431 678 1480 768 iis
1499 665 1795 792 nonnumquam
1812 685 1992 780 ueritatis

678 825 684 834 '
721 817 874 932 aliquid
893 815 1059 898 recondi
1089 866 1104 918 ,
1134 831 1297 916 tamen,
1344 805 1568 921 quodellet
1586 807 1628 928 in
1647 817 1759 896 omni
1777 815 1985 902 revertur

726 974 837 1033 mum
854 1003 867 1052 ,
899 943 1090 1054 sagaciter
1108 927 1380 1050 inuestigaret.
1443 935 1596 1052 Quibus
1615 937 1737 1046 igitau
1753 940 1794 1024 in
1813 945 1990 1032 locislub

724 1076 846 1164 Darii
872 1070 1171 1182 expeditionem
1190 1063 1360 1178 Scythae
1389 1067 1606 1180 degerint,
1640 1061 1754 1150 utab
1770 1057 1991 1161 Herodoto

726 1206 784 1288 est
800 1205 1028 1313 vulgatum,
1047 1196 1284 1310 explicabo,
1346 1193 1534 1282 Tenuere
1546 1211 1678 1278 autem
1691 1197 1872 1302 regiones
1889 1203 1990 1291 inter

724 1329 1024 1438 Borysthenem
1046 1349 1087 1410 et
1109 1325 1305 1416 Tanaim.
1382 1321 1698 1442 numerium
1722 1325 1798 1409 illis
1822 1323 1987 1438 Tanais,

708 1480 774 1548 ,ut
792 1459 926 1542 nollet
945 1456 1106 1565 ait,nulli
1118 1478 1214 1538 tero
1234 1456 1283 1537 ad
1301 1453 1382 1538 eius
1399 1453 1629 1540 ulteriorem
1643 1454 1774 1562 ripam
1791 1451 1984 1568 Scythae,

729 1587 801 1673 nist
820 1587 954 1681 exules
974 1613 996 1680 a
1014 1584 1161 1692 reliquo
1182 1605 1358 1692 corpore
1376 1602 1415 1666 et
1436 1579 1634 1683 rebelles,
1655 1573 1723 1663 sed
1750 1581 1905 1696 longius
1935 1593 1988 1681 ad

729 1714 933 1801 orientem
950 1739 973 1796 a
992 1711 1081 1820 ripa
1096 1709 1250 1799 Tanais
1268 1709 1412 1795 reiecti.
1476 1707 1566 1792 lam
1579 1705 1988 1808 Herodotusablsttn

731 1844 783 1929 ad
802 1839 1103 1952 Borysthenem
1128 1840 1271 1927 decem
1293 1837 1444 1924 dierum
1459 1839 1534 1920 iter
1549 1831 1625 1922 elle
1643 1835 1800 1944 scribit,
1830 1842 1991 1960 aBory.

731 1973 863 2057 sthene
881 1972 930 2055 ad
951 1969 1139 2056 Maeotin
1158 1970 1343 2078 paludem
1362 1968 1669 2074 decemquoque
1687 1968 1863 2076 dierum,
1887 1974 1991 2062 abo-

730 2103 859 2204 riente
874 2089 1069 2206 Scythiae
1086 2097 1138 2182 ad
1158 2098 1417 2180 occidentem
1437 2095 1581 2206 viginti
1603 2117 1787 2180 numerat
1812 2101 1897 2187 dies
1922 2157 1934 2206 ‚
1968 2133 1991 2194 a

739 2225 878 2312 Ponto
894 2227 1071 2310 totidem
1083 2221 1479 2330 adMelnnchlaenos,
1491 2223 1542 2308 ad
1557 2221 1881 2332 septemtrionem
1893 2229 1993 2345 Scy.

732 2353 837 2438 thiae
848 2354 1068 2463 oppolitos.
1134 2354 1183 2440 Iu
1198 2357 1303 2439 diem
1324 2341 1475 2436 ducena
1491 2353 1613 2438 stadia
1633 2377 1822 2448 numerat.
1854 2359 1993 2479 Quem

733 2484 897 2566 nuncin
920 2480 1087 2584 modum
1106 2506 1180 2564 nos
1199 2483 1485 2591 expediemus,
1515 2503 1606 2566 cum
1635 2487 1763 2567 omnis
1791 2487 1839 2568 de
1857 2492 1994 2578 lladiis

737 2610 913 2718 quaestio
927 2606 1218 2694 difficultatibus
1238 2613 1425 2696 maximis
1440 2609 1633 2720 impedita
1653 2603 1730 2697 esti
1744 2611 1903 2703 Videor
1913 2625 1992 2705 mi-

736 2733 781 2820 hi
795 2741 902 2822 uiam
923 2736 1111 2844 repetilse
1130 2793 1144 2843 ‚
1174 2765 1248 2848 qua
1267 2763 1387 2850 quam
1402 2741 1532 2848 potest
1552 2740 1639 2824 fieri
1667 2743 1851 2847 proxime
1881 2773 1995 2834 acce.

736 2865 829 2952 dam
873 2862 924 2948 ad
954 2867 1204 2950 veritatem
1233 2867 1540 2971 Eratosthenes,
1575 2887 1620 2952 tt
1664 2865 1813 2952 Strabo
1862 2878 1994 2964 aanor

739 2995 798 3076 est
830 3045 844 3096 ,
878 2994 920 3075 in
944 2993 1114 3105 gradum
1143 3018 1265 3080 vnum
1292 2997 1515 3106 aequatorls
1532 2995 1653 3082 stadia
1671 2996 1761 3080 lace
1784 3000 1930 3110 dabat,
1956 3025 1993 3093 at

737 3115 928 3205 Claudius
944 3120 1204 3208 Ptolemaeus
1220 3140 1272 3208 ex
1288 3125 1492 3236 diligenti,
1521 3146 1565 3210 ut
1584 3127 1639 3209 ait
1656 3188 1669 3228 ,
1693 3126 1991 3242 obseruatione,
2007 3145 2011 3163 '

738 3247 1027 3332 tantummodo
1048 3251 1171 3333 stadia
1191 3255 1243 3344 lo,
1261 3277 1377 3364 quem
1396 3279 1542 3366 magua
1558 3275 1742 3340 veterum
1759 3261 1879 3374 turba
1903 3292 1993 3352 con·

737 3374 937 3486 sequitur,¹
987 3371 1227 3467 Herodotea
1249 3383 1373 3466 stadia
1391 3383 1635 3468 concordant
1655 3408 1747 3468 cum
1769 3387 1992 3478 stadiisPto-

737 3495 1987 3622 lemrei,'utpatetperspicue,comparantibusHerodotidimen-

744 3628 906 3733 siones,
935 3657 1029 3740 quas
1055 3633 1217 3744 subieci,
1243 3663 1334 3724 cum
1357 3641 1596 3724 exactilltmis
1615 3641 1763 3726 tabulis
1782 3643 1995 3758 Delrllsnh,

739 3755 895 3866 quasin
922 3755 984 3840 his
1012 3783 1215 3848 terrarum
1229 3767 1413 3852 tractibus
1434 3767 1682 3856 collocandis
1705 3769 1816 3857 securi
1844 3775 1993 3874 sumus.

743 3877 827 3969 Ait
846 3903 974 3969 autem
996 3879 1232 3978 Herodotus

815 4151 820 4160 .
850 4067 1028 4158 Pontum
1046 4072 1244 4164 Euxinum
1262 4077 1386 4166 latum
1403 4074 1481 4164 else
1500 4103 1576 4192 qua

972 4246 1032 4332 est
1048 4247 1245 4336 lutillrmus
1640 4284 1647 4299 ¹
1727 4192 1997 4379 noo-stadie

1938 4449 2003 4543 Os
