4376 5952
408 471 1282 624 uororrrrrnrnnnnnjr.
1427 539 1493 651 ς,

637 749 1090 924 Propofitiones.

714 939 932 1037 Theorema
967 945 1001 1036 1.

329 1077 455 1177 Vires
469 1080 577 1171 rinae
593 1105 719 1195 purae,
740 1107 824 1196 quae
841 1077 1006 1166 easdem
1024 1072 1168 1167 maffas
1189 1095 1376 1190 monent,
1393 1077 1487 1197 pos-

226 1207 307 1304 sunt
324 1213 541 1306 mensurari
552 1240 628 1332 per
643 1211 889 1302 functionem
907 1212 1079 1326 aliquam
1106 1211 1343 1325 celeritan's,
1370 1239 1494 1334 quam

225 1345 463 1466 producunt.
653 1389 660 1402 ·

737 1469 1030 1592 Demonstratio.
1137 1545 1140 1552 .

283 1717 287 1728 Ι
341 1606 550 1730 Quoniam
569 1623 704 1696 motus
722 1633 745 1695 a
760 1607 911 1695 uiribus
926 1607 1026 1693 vivis
1036 1602 1151 1726 puris
1162 1604 1393 1720 procedens
1401 1631 1492 1722 per-

106 1842 108 1851 Ι
224 1731 375 1826 severat
391 1743 432 1826 in
455 1740 681 1849 infinitum,
702 1765 757 1826 ex
770 1739 873 1830 Des.
888 1735 928 1828 1.
944 1738 987 1821 δε
1004 1731 1187 1825 Axiom.
1201 1734 1241 1828 1.
1259 1738 1352 1822 ideo
1371 1765 1491 1850 quan-

223 1870 311 1956 titas
331 1869 487 1960 illarum
504 1872 655 1961 virium
670 1894 757 1958 non
780 1867 913 1980 potest
939 1861 1125 1952 aestimari
1145 1863 1228 1950 five
1258 1889 1314 1952 ex
1345 1861 1492 1979 spatio,
1518 1897 1522 1910 ’

223 1999 305 2088 fine
322 2025 380 2088 ex
392 1979 582 2112 ternpore
602 1999 804 2090 absolutis.
867 1991 1007 2082 Potest
1024 1997 1141 2111 igitru
1160 1989 1288 2082 solum
1305 2019 1359 2080 ex
1383 1995 1486 2082 mas-

220 2129 296 2235 sus,
321 2130 364 2213 δε
384 2130 646 2214 ex.relatione
665 2126 779 2239 spatii
796 2121 846 2212 ad
860 2123 1029 2238 spatium
1048 2125 1492 2238 eodemtemporavel

218 2257 428 2368 temporis
439 2255 491 2348 ad
502 2278 663 2367 tempus
668 2279 750 2368 pro
759 2253 909 2341 eodem
918 2251 1395 2366 spati03aiiudeni1nnihil
1414 2260 1485 2346 da·
1615 2311 1618 2322 ·

221 2405 286 2474 tur
307 2387 352 2470 in
368 2384 450 2470 boc
466 2404 601 2479 motu.
648 2385 759 2504 Quia
771 2387 870 2474 vero
885 2383 1027 2502 malias
1050 2384 1305 2497 supponimus
1319 2390 1493 2500 aequales

116 2515 118 2520 ⁵
224 2543 302 2630 Per
324 2512 424 2628 h7P·
460 2537 502 2611 1.
575 2514 704 2630 Igitur
719 2517 761 2600 in
779 2514 921 2620 nostris
936 2515 1088 2606 cafibus
1107 2520 1294 2606 autnulla
1314 2518 1371 2604 est
1391 2521 1513 2642 inar-⁸
1686 2491 1701 2588 ¹.

225 2637 415 2758 qualitas,
440 2648 483 2732 ἃ
499 2645 708 2734 aestimatio
724 2647 875 2734 uirium
894 2645 1033 2762 nulla;
1086 2649 1159 2744 'aut
1184 2649 1250 2736 iila
1267 2646 1418 2761 pendet
1437 2672 1491 2738 ex

93 2781 96 2796 '
221 2778 481 2866 relationibus
503 2777 763 2870 memoratis.
841 2775 913 2866 Est
928 2801 1033 2864 veto
1055 2777 1296 2887 inaqualitas
1315 2803 1390 2886 per
1415 2804 1487 2874 ax,

227 2928 276 3002 2.
298 2932 402 3024 ergo
419 2911 461 2996 ἀ
476 2908 689 2996 aestimatio
707 2909 819 3012 eius,
848 2903 1065 3022 eadunque
1087 2908 1267 3017 peteuda
1298 2931 1355 2996 ex
1380 2910 1484 2997 rela.

223 3037 399 3126 tionibus
424 3037 618 3152 allegatis.
680 3035 758 3142 Hae
775 3057 905 3126 autem
930 3033 1323 3152 comprehenduntur
1347 3039 1387 3126 in
1402 3039 1491 3132 idea

227 3169 444 3255 celeritatis
456 3193 531 3280 per
545 3167 818 3258 definitionem
836 3169 1049 3257 celeritatis
1070 3190 1294 3283 receptam.
1360 3167 1490 3283 Igitur

225 3323 287 3384 ex
314 3295 518 3382 celeritate
538 3296 634 3386 sturni
662 3299 795 3414 potest
814 3295 996 3386 mensura
1037 3331 1049 3388 ε
1086 3323 1255 3412 cumque
1279 3323 1354 3408 per
1380 3299 1491 3392 dicta
1629 3387 1636 3405 ,

200 3529 205 3539 .
225 3427 335 3516 aliud
350 3424 451 3513 nihil
468 3429 658 3534 accedat,
673 3428 772 3517 suni
790 3427 922 3540 potest
936 3429 1208 3516 exstructione
1227 3428 1356 3540 aliqua
1377 3428 1486 3516 cele·

228 3559 379 3662 uitatis,
404 3583 492 3670 quae
508 3587 532 3648 a
549 3557 707 3646 viribus
720 3557 799 3643 illis
811 3556 1063 3670 producitur.
1094 3559 1157 3678 Q.
1180 3558 1230 3647 E
1257 3555 1312 3644 D.
1477 3579 1480 3586 ’

346 3679 485 3776 CornII.
516 3711 557 3782 r.
594 3684 894 3800 Consequenter
916 3689 1003 3776 duae
1033 3687 1224 3802 pluresve
1247 3685 1354 3774 vires
1379 3687 1487 3776 viva

227 3842 366 3930 purae,
394 3815 472 3904 sese
510 3823 689 3906 invicem
712 3841 796 3904 non
814 3815 1057 3928 afficientes,
1075 3820 1145 3908 vel
1160 3815 1324 3904 seorfim
1351 3817 1484 3906 confi-

228 3947 403 4054 deratae,
430 3949 622 4036 aestimari
644 3945 803 4062 poffunt
829 4002 844 4056 ,
871 3952 914 4036 ἃ
939 3976 1015 4064 per
1045 3976 1112 4045 ax.
1147 3972 1190 4062 3.
1217 3947 1378 4058 debent,
1406 3973 1486 4064 per

232 4066 458 4166 finctiones
474 4080 621 4168 ssmiles
635 4079 918 4188 celeritatum,-
929 4105 1023 4192 quas
1043 4078 1284 4192 producunt

357 4203 503 4302 Coroll.
535 4232 574 4302 2.
608 4211 692 4299 Etss
726 4210 846 4324 igitur
870 4201 978 4298 vires
1004 4237 1118 4322 purae
1159 4231 1245 4294 non
1281 4206 1488 4300 obtineant
1640 4203 1642 4208 ’

230 4332 395 4423 effertus
416 4339 469 4424 ita
484 4340 645 4446 rotulos,
665 4360 710 4426 ut
724 4340 871 4426 iisdem
893 4339 1197 4426 absorbeantur:
1232 4335 1395 4450 poii'unt
1417 4358 1478 4424 ta-

72 4457 78 4470 ’
230 4490 327 4552 men
352 4468 531 4554 invicem
554 4469 790 4559 conferri&
817 4473 1033 4560 mensurari
1062 4496 1115 4556 ex
1145 4468 1354 4556 effectibus
1386 4466 1484 4554 dato

229 4614 418 4706 tempore
436 4597 672 4714 produstis3
705 4599 870 4690 effoetus
885 4603 996 4691 enim
1013 4599 1071 4692 iiii
1090 4624 1172 4715 pro
1188 4597 1350 4686 diuerfis
1371 4597 1478 4684 cele·

35 4787 37 4792 -
227 4726 411 4818 nitatibus
424 4726 511 4818 sunt
532 4729 687 4820 diverfi.

760 4848 956 4976 -Gp‘
1070 4787 1073 4794 Ι
1286 4839 1480 4948 ..scut
