4386 5980
774 485 875 614 426
1269 475 1364 590 DE
1390 480 1586 582 MVRO

774 731 954 814 murum,
976 727 1051 820 qua
1068 701 1222 816 potest,
1246 703 1356 805 obit,
1374 702 1541 786 nauum
1558 703 1639 788 eius
1659 763 1670 807 ,
1694 697 1901 820 diuergh,
1934 723 2031 821 pro*

660 861 663 870 ·
772 839 995 950 pugnacula
1013 857 1054 921 et
1069 837 1201 919 vicina
1214 833 1320 937 muri
1331 829 1538 936 descnbit,
1570 834 1677 917 uiam
1695 835 1875 930 metitur,
1920 839 2023 926 Lon-
2067 879 2070 886 ’

647 1073 650 1078 Δ
775 971 861 1078 gius
874 969 1105 1080 processuro
1122 983 1250 1050 metus
1266 959 1525 1046 obiciebatur
1545 988 1568 1044 a
1592 959 1921 1071 Dagellanorum
1939 971 2026 1056 infi-

773 1097 863 1198 dis,
884 1123 977 1207 quas
992 1085 1207 1202 manipulus
1226 1087 1314 1194 ille,
1347 1091 1376 1176 sr
1395 1089 1560 1200 undique
1579 1089 1621 1174 io
1645 1089 1786 1194 ignota
1810 1115 1852 1179 et
1867 1100 2016 1183 confra-

773 1224 867 1334 gosa
881 1227 1049 1333 regione
1069 1221 1226 1306 barbari
1249 1217 1527 1324 cooritetitur,
1550 1217 1729 1330 effugere
1756 1245 1841 1306 non
1858 1243 2019 1334 poterat.

770 1345 907 1440 Rediit
926 1343 1181 1438 Cantemirus
1200 1346 1456 1450 ediscrimine
1472 1365 1584 1434 tanto
1607 1344 1674 1432 sub
1688 1345 1892 1459 vesperam
1909 1355 2015 1440 inco-

767 1481 901 1587 lumis,
922 1503 964 1582 et
983 1507 1083 1592 quae
1098 1494 1357 1586 cognouerat,
1385 1477 1424 1562 in
1437 1479 1757 1563 commentarios
1773 1481 1918 1586 retulit.
1948 1479 2019 1572 Aa

664 1690 679 1720 ,
769 1630 921 1698 ceteras
934 1613 1095 1698 viruttes
1112 1631 1164 1694 eo
1182 1605 1224 1692 in
1248 1605 1440 1717 Principe
1451 1604 1612 1692 summa
1638 1607 1764 1690 animi
1787 1597 2019 1724 magnitudo

768 1761 876 1845 erat,
902 1741 1029 1852 multo
1045 1739 1115 1824 vso
1129 1735 1394 1848 periculisque
1412 1738 1648 1840 exercita,et
1662 1733 1869 1824 doctrinae
1887 1743 2014 1830 erudi·-

765 1872 961 1983 tionisque
979 1857 1231 1954 incredibiles
1251 1889 1428 1972 amores,
1450 1885 1511 1973 ut,
1534 1891 1636 1976 quae
1651 1866 1701 1949 ad
1726 1886 1902 1954 ueterum
1916 1869 2021 1982 supe·

762 2001 993 2114 riorumque
1020 2017 1254 2108 temporum
1282 1994 1524 2081 memoriam
1547 1997 1589 2078 in
1615 1995 1760 2080 horum
1781 1999 2019 2109 populorum

762 2127 881 2214 rebus
896 2129 1145 2239 requireres,
1178 2121 1283 2209 haud
1298 2149 1419 2234 aeque
1439 2149 1492 2210 ex
1509 2120 1588 2208 alio
1606 2125 1856 2237 cognoscere
1875 2129 2012 2238 posses:

764 2260 870 2344 cuius
888 2259 1011 2343 laudis
1029 2256 1147 2340 telles
1165 2251 1252 2339 sunt
1267 2254 1544 2338 commentarii
1563 2306 1576 2357 ,
1609 2279 1711 2364 quos
1741 2275 1899 2364 partem
1924 2285 2013 2368 per.

654 2405 658 2413 ’
761 2377 852 2468 fecit
879 2385 930 2470 de
964 2383 1197 2471 Turcarum
1228 2393 1270 2464 et
1305 2382 1592 2468 Moldauorum
1619 2383 1737 2468 rebus
1757 2437 1769 2486 ,
1792 2405 1951 2495 partem
1971 2387 2019 2474 de

763 2511 1505 2626 antiquaDacia,aliosquecomplures
1522 2511 2020 2626 adsessos-reliqoitChar·
2157 2499 2158 2512 Ν

752 2633 872 2729 ‘tasin
897 2643 1033 2756 quibus
1048 2639 1150 2728 mun'
1166 2639 1280 2727 fisum
1299 2639 1571 2753 descripserat,
1603 2629 1917 2730 communicatas
1941 2671 2013 2732 ac·

761 2775 851 2893 cepi
876 2773 926 2858 ab
958 2766 1173 2858 Antiocho
1199 2765 1438 2858 Cantemiro
1461 2767 1646 2884 Principe
1670 2773 1798 2888 patale
1822 2775 2015 2864 uirtutum
2157 2799 2158 2802 ‘

660 2995 663 3002 ,
761 2904 923 2988 aemulo
940 2923 981 2986 et
995 2904 1193 2988 imitatore
1210 2899 1444 2998 studiorum:
1462 2903 1841 3022 commentariorum
1861 2929 2015 3018 quoque
2157 2943 2158 2948 κ

756 3029 912 3116 laceras
925 3027 1103 3136 schedas,
1123 3029 1320 3139 inquibus
1340 3053 1561 3139 perpauca,
1581 3033 1934 3141 qnaememoriam
1950 3029 2015 3122 fu-
2157 3059 2158 3094 t

758 3163 889 3273 gitura
907 3159 991 3246 sunt
1005 3157 1112 3264 uisa,
1145 3177 1371 3263 notauerat,
1395 3157 1574 3244 eiusdem
1594 3159 1796 3254 beneficio
1816 3153 2014 3277 Principis
2106 3203 2112 3216 ·

757 3289 926 3395 excullr,
951 3294 1104 3378 interea
1120 3287 1215 3372 dum
1231 3309 1412 3372 caremus
1430 3289 1607 3372 maxima
1624 3309 1743 3400 parte
1758 3305 2012 3404 eorumquae

756 3417 1052 3532 sapientissimus
1077 3415 1310 3502 Demetrius
1338 3413 1388 3500 ab
1413 3414 1453 3499 se
1476 3416 1799 3521 animaduersa,e
1814 3427 2011 3510 memoria

755 3551 985 3658 repetiturus
1003 3543 1223 3648 firerat,nls1
1241 3544 1467 3651 diabethes,
1491 3571 1582 3630 cum
1593 3553 1686 3632 eum
1706 3545 2012 3641 inDerbenrina

754 3678 1013 3787 expeditione
1030 3673 1246 3778 inuaserat,
1294 3675 1430 3783 paullo
1450 3675 1542 3783 post
1563 3675 1919 3786 incomparabilem
1943 3683 2004 3766 vi·

752 3834 841 3896 rum
855 3802 1084 3898 extinxillet.
1147 3802 1443 3890 Elaborandum
1462 3805 1578 3911 igitur
1591 3805 1686 3890 mihi
1703 3806 1929 3910 uidebatur,
1963 3830 2012 3902 vt

742 3928 1059 4026 ¹monumentum
1088 3991 1101 4042 ,
1137 3933 1245 4045 quod
1272 3929 1482 4060 dostiffirni
1512 3931 1714 4045 Principis
1733 3935 1947 4022 ensditione
1968 3959 2011 4032 et

742 4067 842 4172 ¹luce
861 4067 1009 4180 ingenii
1024 4063 1152 4149 multo
1168 4059 1456 4148 illustrillrrnum
1475 4061 1647 4150 llrturum
1664 4083 1774 4170 erat,
1799 4066 1848 4150 ita
1861 4067 2000 4151 ex'an.

751 4197 925 4305 tiquitate
938 4189 1204 4302 explicarem,
1223 4211 1270 4276 ut
1287 4180 1519 4277 de'ssderium
1536 4193 1638 4278 illius
1659 4193 2008 4305 aliquantuunleni-

749 4347 838 4416 rem
855 4345 946 4405 mea
965 4321 1108 4431 opera.

735 4465 738 4472 '
866 4449 1106 4545 Demetrius
1119 4449 1235 4571 igitttr
1243 4451 1407 4542 naman
1417 4445 1541 4563 nutui,
1556 4477 1675 4572 quern
1690 4449 1795 4540 obiit
1810 4469 1852 4540 et
1866 4458 2007 4572 orgyis
