4306 5952
459 458 776 581 mrncrrm
800 481 1184 595 nonomen.
1394 523 1486 600 εει

288 809 290 814 ,
734 711 915 808 Scholion
938 738 975 810 ι’.
1324 759 1325 764 ¹

287 937 295 948 ,
346 869 414 974 14
445 841 610 964 Papium
627 870 751 964 negat
766 851 855 936 dari
874 853 1047 963 aliquem
1068 850 1255 944 effoetum
1273 855 1491 947 vismotri-
1540 934 1546 944 .

224 981 737 1093 cis,ubinullares1stentia
762 975 975 1091 superanda
993 1045 1005 1092 ,
1024 1010 1155 1096 neque
1178 989 1287 1070 enim
1314 988 1490 1077 admittit

223 1120 306 1206 eius
321 1113 508 1204 efferum
530 1111 669 1218 alium,
692 1111 765 1197 nisr
779 1113 848 1222 qui
864 1113 905 1196 in
922 1109 1149 1221 superanda
1163 1116 1375 1204 resrstentia
1411 1119 1491 1205 sese

222 1247 364 1338 exerit.
431 1235 669 1334 Vivoa
694 1242 956 1329 Eruditorum
976 1237 1039 1328 A.
1072 1241 1214 1356 1591.
1240 1271 1286 1357 p.
1311 1261 1360 1354 7.
1422 1251 1492 1342 Ex

222 1376 460 1465 definitione
482 1371 640 1460 effeous
659 1370 699 1456 in
719 1397 882 1486 genere,
890 1399 980 1484 quae
995 1374 1271 1486 metaphyfica
1290 1369 1362 1482 est,
1376 1403 1489 1463 erro-

220 1509 279 1608 ris
300 1505 557 1618 redarguitur.
600 1500 696 1612 Ipio
717 1505 834 1590 etiam
852 1500 916 1608 usu
932 1503 1122 1615 loquendi
1139 1505 1346 1612 refellitur.
1387 1505 1492 1626 Qui..

217 1639 319 1726 libet
337 1632 456 1722 fateri
482 1632 619 1736 debet,
636 1633 747 1718 idem
766 1627 884 1719 fuisse
915 1633 1124 1739 effectum,
1157 1637 1239 1721 five
1264 1637 1420 1721 mobile
1445 1641 1486 1724 vi

220 1769 414 1878 impreiia
429 1792 451 1851 a
468 1757 1172 1872 terminoAusqueadterminumB
1185 1765 1487 1875 progrediatur,
1540 1859 1542 1864 ,

136 1935 139 1945 ¹
217 1897 304 1984 five
316 1895 369 1981 ab
385 1894 551 1981 homine
564 1916 619 1975 ex
634 1891 732 1974 loco
749 1886 798 1975 A
816 1891 1015 1974 inlocum
1033 1887 1346 1984 Buansferamn
1397 1893 1481 1980 Ec-

135 2079 141 2098 «
221 2029 431 2136 quiquero
447 2020 613 2122 dixerit,
657 2015 868 2106 hominem
909 2019 1002 2106 nihil
1020 2022 1165 2132 egisse,
1205 2021 1298 2106 dum
1330 2047 1483 2134 corpus

218 2151 434 2266 quoddam
450 2177 504 2236 ex
518 2149 617 2234 loco
627 2143 682 2234 A
697 2151 737 2233 in
752 2151 893 2235 locum
912 2151 949 2238 B
965 2151 1180 2241 transtulit.
1244 2152 1363 2237 Enim
1382 2179 1483 2239 uero

219 2310 309 2369 non
321 2307 424 2393 opus
446 2283 525 2385 est,
554 2300 597 2374 ut
615 2304 662 2364 ea
679 2280 728 2365 de
745 2307 790 2366 re
814 2277 1068 2389 disputemus.
1094 2307 1097 2316 ·
1132 2277 1306 2366 Utemur
1333 2281 1478 2368 descri-

218 2418 357 2526 ptione
373 2411 560 2521 praesente
576 2427 764 2520 tauquam
783 2411 1002 2518 nominali,
1025 2431 1113 2520 quae
1141 2407 1244 2494 adeo
1275 2411 1482 2500 arbitraria
1532 2507 1535 2510 ,

220 2543 294 2634 est.
360 2533 401 2624 Si
416 2543 502 2652 quis
520 2540 634 2652 igitur
650 2541 949 2625 translationem
968 2539 1129 2626 mobilis
1146 2567 1222 2650 per
1241 2537 1406 2650 spatium
1428 2539 1483 2627 ef-

220 2670 370 2760 feetum
386 2674 443 2756 uis
464 2669 640 2753 motricis
655 2671 859 2780 appellare
877 2671 1029 2775 renuit,
1046 2669 1080 2752 is
1098 2696 1180 2753 non
1200 2671 1483 2757 invitisnostris

219 2797 634 2898 demonstrationibus
666 2799 767 2884 aliud
792 2797 1054 2912 quodcunque
1085 2821 1239 2884 nomen
1267 2805 1362 2886 uoci
1392 2802 1481 2888 huic
1560 2911 1570 2919 ι

218 2929 437 3020 substituat.

316 3047 354 3160 J
518 3079 520 3084 ’
722 3049 897 3146 Schoion
931 3078 978 3152 2.

338 3200 410 3298 ις.
443 3179 484 3272 Si
500 3205 636 3276 motus
652 3171 745 3274 suin
774 3189 913 3284 medio
945 3212 1031 3274 non
1067 3183 1292 3298 refisteute,
1313 3185 1479 3280 effeetus
1544 3190 1546 3196 ’

216 3317 438 3433 pomoeri,
459 3316 619 3426 qualem
638 3335 711 3401 nos
723 3321 763 3403 in
780 3315 1029 3430 sequentibus
1049 3321 1270 3404 constanter
1284 3316 1474 3430 supponi·
1618 3313 1624 3320 ’

165 3459 170 3468 “
218 3473 322 3537 mus.
372 3440 599 3542 .Siueroin
616 3447 752 3532 medio
766 3449 994 3552 reddente,
1012 3445 1119 3530 idem
1138 3448 1285 3532 mixtus
1301 3449 1371 3557 est,
1383 3461 1477 3531 c‘um

115 3587 117 3595 '
218 3604 314 3692 pars
333 3575 480 3660 uirium
497 3577 695 3661 continuo
715 3577 938 3663 refistentiae
953 3575 1082 3664 medii
1098 3575 1375 3687 impendatur,
1401 3579 1479 3663 do-

153 3747 155 3752 ·
219 3732 300 3798 nec
316 3705 487 3792 tandem
502 3707 561 3791 vis
578 3709 709 3793 omnis
724 3705 888 3816 prorsus
902 3707 1172 3818 coniumamr.

715 3829 909 3948 Definitio
933 3855 977 3946 7.

277 4015 281 4020 -
336 3959 404 4051 16.
442 3955 611 4080 Effiilus
621 3987 754 4052 nocuos
770 3967 838 4080 est,
870 3967 1029 4078 quirim
1043 3963 1258 4053 motricem
1271 3963 1472 4055 absorbet:

219 4091 399 4183 innocuus
410 4151 424 4204 ,
448 4097 516 4208 qui
532 4120 622 4184 eam
637 4098 918 4183 intemeratam
932 4095 1124 4210 relinquit.

555 4242 561 4251 ‘
761 4221 796 4312 S
800 4225 951 4318 choion.

346 4370 419 4468 17.
452 4353 629 4442 Effeous
646 4355 840 4443 innocuus
856 4358 909 4444 est
925 4359 966 4442 in
984 4369 1098 4442 motu
1120 4349 1479 4466 aequabiliznocuue
1516 4429 1520 4436 .
1578 4427 1583 4438 .

221 4485 1249 4603 immensuratim&insuperanda.'ressstentia.
1594 4591 1595 4594 Ν

791 4615 886 4707 Ee
923 4637 947 4730 3
1302 4603 1479 4703 Axioma
