4298 5952
554 498 718 623 Vror
750 495 1136 606 cancroma,
1372 429 1552 636 ,ᾖσς’
1685 463 1739 620 J
1852 418 1857 437 ⁸

199 737 431 829 necdodlus
447 731 651 849 hancelse.
669 742 949 852 deprehendi.¹
1004 741 1070 828 Illi
1094 741 1208 828 valde
1230 741 1465 834 hallucinan-
1495 781 1500 788 ¹
1539 769 1540 773 ‘

199 891 306 977 tur‘,
338 876 403 982 qui
420 890 589 984 putant,
618 871 947 983 valachylifera,
981 898 1067 982 quae
1083 870 1194 981 super
1219 874 1463 964 intestinaru-

200 1025 284 1084 veo
298 1001 438 1086 colore
455 1021 571 1086 extus
595 1021 816 1111 apparent,
848 1005 950 1088 intus
980 1002 1126 1085 eodem
1154 1003 1299 1089 colore
1321 1002 1474 1094 infecta·
1548 1052 1550 1061 ·

199 1129 277 1213 elie
297 1191 309 1236 ,
332 1158 419 1240 quae
437 1131 582 1240 opinio
601 1137 669 1216 me
683 1129 808 1242 ipsum
826 1131 964 1242 saepius
984 1155 1140 1242 quoque
1159 1115 1461 1246 fefellit‚quan-

199 1257 256 1340 do
276 1262 510 1367 aperiebam
528 1261 721 1346 cadavera
741 1264 915 1372 optima,
949 1261 990 1342 in
1015 1260 1152 1369 quibus
1175 1281 1267 1348 tota
1295 1261 1460 1374 superfi-
1561 1325 1565 1338 ·

114 1495 115 1500 Ν
196 1388 282 1472 cies
297 1392 502 1496 exterior,
534 1391 804 1498 copiolillrmis
834 1388 1013 1494 vasculis,
1039 1415 1164 1500 eaque
1191 1390 1315 1501 chylo
1348 1395 1391 1477 in
1419 1396 1466 1482 iis

193 1518 453 1624 conglaciato
473 1521 619 1604 referta
650 1540 749 1611 erat.
837 1519 1029 1604 Intestina
1059 1519 1137 1604 line
1164 1545 1285 1612 mora
1309 1520 1459 1608 incide-

172 1643 310 1748 bam,
337 1650 476 1758 postea
492 1649 581 1732 fotu
611 1648 746 1744 calidae
777 1645 1060 1750 molliebant,
1094 1649 1137 1730 δι
1165 1650 1253 1734 alia·
1270 1650 1464 1738 eiusmodi

193 1775 392 1882 artificia,
415 1779 454 1860 iu
472 1774 584 1886 spem
604 1776 789 1890 origines¹
810 1775 984 1884 cpraesrtas
1011 1775 1245 1858 inveniendi
1271 1804 1287 1880 ·,
1311 1771 1375 1859 sed
1395 1778 1457 1862 in-
1520 1783 1525 1794 “

129 1945 135 1950 -
192 1897 341 1990 calsun
359 1903 502 1988 omnia
566 1902 692 1992 Huius
707 1901 870 1988 infelicis
883 1899 1073 1988 succelsus
1093 1907 1244 2006 caula,
1291 1906 1332 1986 in
1351 1904 1462 2014 chyli

172 2031 622 2143 ‘diverfitatemmotius
638 2029 853 2117 reicienda
873 2033 1071 2146 eli‚quam
1089 2030 1131 2114 in
1151 2032 1374 2120 exilitatem
1385 2059 1462 2118 va-

188 2159 414 2266 sculorum,
443 2187 531 2271 quae
551 2161 713 2272 quidem
727 2161 908 2248 maxima
925 2160 982 2245 est
1009 2193 1019 2246 :
1051 2148 1167 2244 Nam
1179 2160 1327 2246 albedo
1349 2161 1486 2272 chyl,

192 2315 243 2376 ea
259 2291 388 2376 miuus
412 2291 669 2401 inconspicua
685 2290 832 2375 sineret
857 2343 872 2396 ,
901 2313 1043 2376 verum
1069 2289 1210 2398 potius
1227 2291 1461 2400 speciefilo-

188 2443 280 2508 tum
300 2437 583 2532 argenteorum
598 2419 877 2510 manifestaret.
942 2417 1025 2507 Res
1050 2418 1235 2527 equidem
1257 2417 1459 2506 nutiffima

189 2551 277 2657 est,
303 2575 396 2635 earn
413 2549 520 2658 chyli
536 2550 821 2660 proprietatem
839 2543 950 2654 else,
976 2565 1020 2630 ut
1040 2545 1333 2633 chamaeleonte
1355 2537 1452 2632 mu·
1578 2549 1581 2556 ’

188 2670 354 2766 tabilior
373 2677 442 2784 fit,
473 2679 554 2766 hoc
579 2677 666 2786 est,
696 2679 853 2765 varians
874 2675 1084 2762 secundum
1106 2675 1369 2764 differentiam
1384 2678 1449 2762 lo-

49 2843 55 2852 ·
190 2831 337 2894 corum
351 2806 419 2894 seu
438 2809 642 2919 partium,
675 2829 769 2918 quas
780 2805 990 2894 inhabitat:
1007 2803 1123 2891 Raro
1142 2809 1248 2890 enim
1266 2828 1335 2893 aut
1355 2791 1458 2892 nunss

60 2960 66 2970 ·
188 2962 311 3049 (pram
325 2943 406 3022 eius
423 2937 565 3044 color,
591 2935 686 3022 daun
703 2938 746 3020 iu
758 2937 940 3022 intestino
963 2929 1459 3038 adhuc'flutluancumco·

187 3067 278 3151 lore
296 3063 469 3150 eiusdem
487 3065 570 3150 iam
587 3062 791 3150 convasati
808 3063 1017 3154 coincidit.
1100 3061 1173 3149 Ille
1202 3058 1260 3144 ob
1286 3061 1457 3148 iubilan-

185 3193 330 3280 tianrm
351 3191 705 3305 heterogene'anrm
724 3195 1012 3280 admixtionem
1033 3190 1223 3277 cineritio-
1241 3189 1456 3276 flavescen-
1608 3296 1612 3311 Ι

186 3325 265 3426 tis,
286 3321 478 3412 liclaecei
494 3323 753 3429 color-nest,
781 3343 826 3407 ut
845 3321 1090 3408 diffecn'ones
1113 3320 1357 3406 cadaverum
1383 3343 1457 3403 me
1567 3393 1577 3414 ,

186 3452 439 3538 edocuerunt
458 3482 472 3564 ;
507 3456 550 3537 δι
567 3455 655 3564 quia
674 3452 819 3538 colore
837 3448 1085 3538 flavescente
1099 3451 1267 3535 interior
1285 3444 1455 3566 superfi-

186 3581 275 3667 cies
290 3581 455 3666 intestini
473 3600 562 3668 aute
580 3581 790 3666 infestaest
814 3643 827 3688 ‚
873 3578 930 3664 ob
959 3575 1112 3666 hancce
1134 3577 1289 3664 causam
1316 3577 1456 3664 infelix

187 3711 373 3824 quaedam
390 3708 643 3798 obnubilatio
659 3699 862 3818 exoritur,
885 3703 1138 3817 eonspettun
1152 3705 1301 3790 horum
1317 3701 1454 3794 naseu.

184 3839 321 3926 lorum
332 3841 605 3949 prepediens,
632 3836 772 3962 desere
787 3833 1074 3950 impoliibilem
1094 3834 1281 3954 efficiens.
1353 3828 1448 3921 Ob-

185 3971 297 4054 vium
313 3968 370 4052 est
389 3967 490 4053 filtri
504 3967 766 4084 exemplum,
795 3992 885 4077 quo
899 3963 1035 4050 hocce
1054 3962 1376 4074 phoenomcuum
1398 3962 1450 4048 il·

187 4077 349 4182 lustrare
364 4094 470 4184 licet
538 4093 716 4215 Quando
742 4095 918 4206 liquores
940 4094 1117 4177 colorati
1149 4091 1282 4202 probe
1314 4091 1451 4202 agitati
1588 4111 1593 4116 ’

188 4224 303 4311 filtro
322 4225 567 4330 iniciuntur,
603 4227 686 4310 alio
697 4226 838 4318 colore
857 4223 961 4335 tingi
974 4223 1171 4308 internam
1186 4273 1198 4325 ,
1214 4221 1296 4306 alio
1313 4238 1450 4306 exter·
1548 4211 1550 4218 ‘

143 4417 149 4434 .
186 4381 282 4444 nam
296 4353 550 4465 superficiem
568 4352 843 4457 observamus,
866 4353 1061 4462 quoniam
1082 4353 1124 4436 in
1141 4349 1304 4441 tranfitu
1318 4349 1455 4457 pmifir

187 4485 291 4570 catio
307 4483 372 4574 seu
390 4481 753 4601 depluatio,srcque
764 4482 991 4571 immutatio
1011 4481 1157 4574 colotis
1176 4469 1410 4594 producitur
1429 4507 1443 4561 a

1346 4601 1458 4703 ru·
