4352 5962
499 617 509 630 .
585 561 590 570 ⁴
664 537 999 658 maroam.
1387 548 1483 684 371*
1589 709 1591 714 Ι

156 775 273 900 &na
293 793 484 898 consestae
510 797 668 892 mittere
694 827 779 891 non
804 819 987 894 verentur
1017 837 1027 894 ε
1058 799 1143 918 ipso
1175 803 1317 894 dolore
1346 833 1420 923 per
1446 811 1480 897 i.
1505 801 1509 810 '

214 929 426 1030 itiusmodi
444 961 592 1046 anceps
608 932 744 1020 aurdlii
757 960 885 1050 genus
904 999 917 1040 ‚
935 936 1003 1023 sub
1016 963 1096 1050 quo
1115 939 1223 1024 uires
1241 937 1348 1024 haud
1367 939 1475 1026 mul.
1550 1007 1555 1022 .

214 1091 301 1160 tum
321 1068 543 1156 admodum
561 1064 791 1156 labesadlari
816 1065 910 1151 uisae
936 1067 1058 1173 sunt,
1090 1063 1261 1173 sublato,
1282 1067 1480 1184 sanguinis
1623 1121 1637 1141 -

213 1202 373 1318 paulum
393 1196 477 1284 ruffi
496 1195 733 1282 exumdinrr.
796 1193 896 1284 Post
910 1197 996 1307 haec
1022 1199 1241 1312 fingultus,
1267 1197 1332 1286 seu
1351 1206 1481 1312 potius

215 1333 374 1445 quidam
400 1325 596 1414 vomendi
624 1341 817 1435 conatus,
841 1351 916 1437 per
931 1354 1056 1440 quem
1074 1329 1224 1436 humor
1241 1331 1379 1417 colore
1394 1331 1481 1416 sub-

215 1461 414 1568 obscuro,
446 1458 652 1566 odoreque
668 1457 794 1540 urinae
812 1457 861 1543 ad
880 1460 1048 1570 longum
1068 1483 1228 1570 tempus
1249 1462 1290 1546 in
1313 1457 1479 1548 ischuria

214 1611 378 1710 retentat
396 1587 603 1700 persimilis
621 1585 757 1694 saepius
776 1586 1065 1690 evomebant,
1093 1589 1271 1673 subortus
1292 1592 1351 1676 est
1373 1627 1382 1679 :
1410 1591 1479 1703 qui

213 1718 610 1810 sanemedicamentis
629 1714 749 1800 brevi
768 1717 907 1824 postea
927 1717 1078 1807 finiuit.
1147 1715 1406 1830 Subsequenti
1425 1745 1479 1804 ae-

214 1852 341 1956 state,
375 1851 456 1935 sive
480 1846 630 1956 raptim
658 1845 883 1931 mutatione
909 1846 1051 1954 morbi
1081 1849 1209 1958 aliqua
1232 1873 1286 1933 ex
1309 1850 1480 1951 partein
1544 1825 1551 1845 ’

214 1981 458 2066 contrarium
478 1973 605 2081 fasta,
628 1975 709 2060 sive
725 1973 882 2078 blandis
913 1977 1107 2062 assidentis
1137 1979 1277 2065 matris
1303 1980 1380 2065 alia
1412 1998 1497 2068 ata
1598 1979 1600 1990 ’

214 2136 291 2223 que
316 2109 389 2194 alia
412 2127 493 2220 pro
521 2105 619 2191 cibo
647 2107 688 2190 ἃ
723 2107 896 2217 potione
914 2107 1055 2195 affidue
1071 2107 1280 2222 offerentis
1300 2107 1474 2196 hortati-

215 2241 312 2345 bus,
339 2235 747 2338 sollicitationibusque
759 2238 920 2324 tandem
936 2238 1180 2326 decumbens
1190 2241 1270 2326 filia
1290 2263 1480 2327 commo-

213 2391 263 2456 ta
281 2367 413 2470 modo
430 2386 590 2454 tenuem
604 2389 657 2451 ex
670 2367 798 2452 citreis
817 2371 932 2453 malis
949 2394 1113 2479 aquam,
1138 2370 1265 2456 modo
1282 2369 1478 2481 liquorem

120 2483 127 2490 ¹
182 2525 274 2614 ex,
289 2496 565 2586 subacidorun
582 2492 809 2583 cerasorum
828 2522 919 2584 curn
936 2483 1060 2606 mele,
1077 2523 1124 2585 ac
1144 2500 1227 2584 uini
1245 2498 1381 2609 spiritu
1400 2498 1476 2584 ser-
1521 2603 1523 2615 Ι

215 2647 399 2718 mentato
417 2633 536 2714 luceo
552 2624 705 2741 (Wisna'
720 2629 843 2741 urlgo
863 2629 930 2716 hic
943 2626 1185 2744 appellatur)
1212 2627 1478 2732 adcochlea·
1597 2613 1603 2628 ⁵
1726 2597 1729 2604 ¹

115 2785 126 2794 ·
215 2761 279 2849 ria
294 2762 445 2872 aliquot
461 2759 619 2844 haurire
637 2751 789 2866 coepit:
818 2777 931 2868 atque
950 2762 1055 2844 intra
1071 2761 1147 2844 hos
1164 2761 1328 2868 quidem
1343 2760 1471 2871 liquo·
1581 2851 1587 2864 ,

189 2955 192 2962 ,
215 2917 280 2978 res
305 2886 501 2994 substitit,
531 2885 740 2984 doneead
756 2885 938 2972 medium
961 2889 1116 2974 circiter
1131 2885 1364 2975 Odtobrem
1383 2887 1479 2976 anni

15 3003 20 3010 ’
114 3053 117 3064 ·
213 3024 403 3135 proxime
419 3020 565 3123 exusti,
590 3043 670 3129 quo
688 3017 963 3102 constndtorio
980 3019 1187 3104 ventriculi
1203 3035 1320 3104 motu
1334 3015 1479 3108 sursun

214 3149 349 3238 versus
365 3171 460 3232 cum
476 3144 643 3234 atrisere
661 3147 850 3234 humoris
866 3151 1041 3256 vomitu,
1063 3153 1335 3255 reverlo,nec
1350 3150 1479 3268 cibos,

213 3305 291 3368 nec
307 3279 533 3390 potiones,
571 3301 647 3364 nec
671 3279 846 3364 remedia
873 3277 1068 3367 devorare
1086 3297 1267 3392 poterat,
1296 3303 1474 3390 perren-

213 3433 302 3504 tum
318 3410 392 3502 est.
451 3405 593 3525 Quum
609 3433 704 3493 eam
721 3426 807 3494 tum
831 3432 909 3494 uua
934 3435 1027 3496 cum
1048 3430 1207 3497 curante
1222 3411 1390 3498 Medico
1414 3411 1476 3496 ui-

215 3544 391 3641 derem,
423 3537 477 3623 uti
498 3556 773 3624 memoratum
798 3540 1007 3626 uentriculi
1034 3561 1196 3636 motum
1224 3541 1406 3627 remedio
1425 3539 1476 3626 li·

216 3655 321 3788 quidi
335 3666 562 3758 Helmontii
576 3663 771 3754 Laudans
787 3692 842 3753 ex
859 3671 1034 3756 lbllatiria
1052 3670 1170 3758 citrei
1186 3671 1279 3760 mali
1296 3695 1400 3782 aqua
1418 3665 1478 3756 se-

213 3810 353 3918 ptem,
379 3801 527 3886 ouon
542 3816 745 3906 guttarum
762 3824 929 3892 numero
945 3804 1057 3913 potui
1075 3799 1168 3887 dato
1190 3800 1409 3908 colibere,
1432 3801 1478 3893 ἀ

213 3928 464 4046 pergelidam
480 3951 534 4014 ex
550 3931 642 4040 capi
661 3927 779 4014 succo
796 3931 909 4018 citrei
932 3931 1029 4016 mali
1045 3932 1179 4018 odore
1197 3932 1376 4039 imbuto,
1391 3955 1477 4018 cer-

207 4085 257 4164 ,ta
273 4059 431 4146 ratione
449 4083 543 4143 curn
561 4056 754 4146 saccharo
768 4061 890 4148 misto
905 4057 1120 4148 sorbitione
1135 4088 1215 4175 pro
1231 4063 1329 4148 cibo
1349 4055 1477 4147 offer-

212 4219 263 4282 re
275 4209 504 4296 tentarent,
527 4187 633 4276 suasr.
659 4185 741 4276 Sed
758 4214 809 4274 ne
826 4190 913 4278 haec
931 4191 1090 4304 quidem
1103 4197 1239 4280 tenuit.
1304 4185 1476 4278 Nihilo-

211 4324 345 4414 minus
360 4338 495 4440 tamen
512 4319 615 4406 intra
630 4322 725 4407 osto
743 4318 855 4432 dies,
886 4322 1025 4433 quibus
1041 4344 1179 4409 mente
1200 4325 1279 4410 iam
1306 4323 1479 4432 uubata,
1527 4429 1533 4438 ,

213 4447 438 4542 brachia&
457 4449 840 4561 crurainaqualiter
865 4451 1121 4568 dispergens,
1142 4452 1257 4567 seque
1283 4453 1363 4540 huc
1382 4455 1477 4538 illuc
1587 4561 1595 4570 ἱ

213 4583 412 4679 violenter
424 4576 621 4672 interdun
637 4601 889 4800 consenga,
911 4584 1039 4672 modo
1049 4584 1314 4696 obdormire,
1342 4577 1475 4668 modo
1544 4680 1547 4700 Ι

322 4762 325 4770 ·
859 4734 915 4798 aa
945 4731 978 4808 a
1353 4711 1469 4802 oilli
