4312 5954
594 460 630 544 Ὗ
721 487 896 644 no'
1079 437 1596 610 l‘uxuuuu

729 748 884 846 AB&
906 747 991 840 Ac
1008 745 1116 837 timul
1148 725 1390 860 agentibus
1434 740 1618 857 Sequitur
1632 765 1762 832 autern
1782 741 1871 832 haec
1889 774 1987 837 con-
2146 793 2147 796 κ

729 887 887 976 ilrustio
910 907 963 965 ex
988 881 1201 966 ratiocinio
1223 876 1337 962 simili
1351 877 1408 960 illi
1426 875 1538 986 quod
1555 874 1588 959 tl.
1611 879 1902 987 3.exposttum
1923 883 1987 966 est.
2144 901 2147 924 *

826 1013 886 1104 V,
910 1005 1324 1122 Opposuihypothesr
1346 1006 1812 1116 communi‚quacaeteris
1831 1010 1993 1118 paribus

728 1146 976 1230 incrementa
994 1140 1248 1224 velocitatum
1265 1137 1593 1246 proportionalia
1610 1138 1857 1246 accipiuntur
1877 1139 1985 1248 pres-

731 1272 906 1362 lionibus
907 1270 1138 1380 ,aliamquae
1151 1287 1260 1350 certe
1270 1267 1530 1351 attentionem
1540 1291 1621 1373 prae
1632 1267 1791 1376 reliquis
1804 1265 1997 1364 ιιιειειιιι.1

732 1393 883 1521 Quid²
904 1425 955 1484 an
974 1396 1189 1483 absurdum
1206 1395 1334 1481 fnisset
1347 1413 1439 1480 ante
1451 1396 1623 1510 instituta
1642 1399 1918 1545 experimenta
1936 1397 1995 1484 su·

733 1529 920 1642 spicari,
943 1535 1124 1614 naturam
1140 1525 1241 1609 hanc
1260 1524 1335 1609 fibi
1348 1503 1601 1636 proposuisse
1617 1521 1770 1633 legem,
1794 1547 1839 1612 ut
1856 1529 1987 1617 incre·

733 1677 869 1745 menta
892 1667 956 1742 uis
982 1660 1086 1742 vivae
1113 1655 1209 1743 dato
1235 1651 1484 1764 tempusculo
1510 1657 1636 1764 genita
1671 1658 1991 1766 proportionalia

733 1789 807 1876 lint
827 1785 1120 1898 preffionibus3
1148 1783 1216 1869 sed
1240 1784 1526 1870 demonstrabo
1551 1807 1653 1866 mox
1672 1785 1750 1868 &¹
1737 1811 1819 1870 ram
1849 1813 1873 1870 a
1899 1788 1992 1874 uiris
2091 1900 2095 1910 .

731 1913 826 2006 Cel.
847 1914 1084 2004 Hermanno
1105 1935 1220 2026 atque
1237 1910 1493 2027 Biilffingero
1509 1914 1823 2000 demonstratum
1841 1918 1912 2020 est,
1934 1923 1989 2004 in·

733 2065 937 2133 crementa
954 2046 1017 2130 vis
1042 2046 1144 2130 uivae
1164 2045 1429 2154 exprimenda
1450 2041 1559 2148 effe,
1590 2041 1800 2128 secundum
1826 2047 1987 2132 Leibni-

734 2179 831 2262 tium
844 2173 1376 2285 perudu30rireu1rergoex
1387 2171 1670 2282 istahypothest
1685 2171 1995 2288 uduzpdt‚rel

733 2301 888 2422 (polita
898 2319 928 2416 p
946 2300 1165 2417 constanti)
1192 2327 1309 2390 uu:
1327 2325 1357 2391 2
1370 2317 1444 2416 pt,
1462 2307 1503 2391 δι
1527 2303 1692 2415 denique
1711 2291 1995 2452 άνῑᾱῑνξ,

734 2449 777 2566 iti
795 2453 883 2556 est,
910 2452 1045 2562 politis
1070 2451 1320 2561 temporibus
1342 2455 1563 2566 aequalibus
1589 2439 1732 2538 fi'erent
1752 2455 1999 2549 incrementa

481 2593 487 2606 ·
667 2645 677 2662 .
733 2583 994 2666 uelocitatum
1004 2583 1324 2692 proportionalia
1341 2586 1543 2670 radicibus
1558 2583 1900 2694 preffionumznon
1915 2593 1991 2677 ita-

733 2735 813 2822 que
832 2712 913 2797 srne
935 2713 1193 2799 firndanento
1220 2709 1308 2796 haec
1337 2740 1359 2798 a
1385 2715 1501 2798 nobis
1518 2714 1616 2800 *fitia
1651 2714 1722 2797 fiuit
1746 2711 1994 2824 hypothefis.

733 2837 866 2930 Restat
900 2859 942 2924 ut
969 2841 1180 2926 ostendam
1204 2843 1399 2928 elementa
1426 2845 1489 2929 vis
1505 2846 1605 2926 vivae
1631 2845 1891 2950 exprimenda
1918 2851 2000 2939 else

734 2994 810 3082 per
825 2969 914 3076 udo,
934 2967 998 3056 stu
1012 2971 1128 3083 quod
1144 2971 1251 3058 idem
1270 2971 1356 3080 est,
1386 2975 1472 3058 vim
1498 2974 1635 3058 vivam
1669 2977 1856 3084 corporis
1904 3006 2000 3090 pro-

734 3097 1011 3210 portionalem
1045 3099 1122 3186 etse
1154 3102 1352 3212 quadratis
1387 3103 1688 3206 velocitutum3
1718 3101 1822 3187 mihi
1869 3131 2000 3196 autem

734 3226 922 3315 mensura
945 3229 1089 3316 uirium
1112 3229 1296 3318 vivarum
1324 3233 1381 3318 est
1405 3259 1603 3320 numerus
1623 3231 1855 3318 clastrontm
1866 3269 2000 3352 ,qnae

736 3381 884 3468 corpus
911 3359 1072 3444 tendere
1097 3361 1232 3470 potest
1257 3366 1481 3475 priusquam
1503 3347 1662 3450 motum
1693 3360 1804 3446 suum
1830 3371 1999 3480 perdat,

733 3484 811 3572 bac
831 3487 1071 3573 definitione
1086 3492 1212 3598 pofita
1231 3491 1587 3580 demonstrandum
1607 3495 1693 3594 crit,
1707 3517 1856 3607 corpus
1880 3503 1995 3585 velo-

736 3617 862 3700 titate
880 3617 998 3738 dupla
1014 3616 1128 3726 polle
1145 3640 1312 3730 quatuor
1333 3625 1472 3708 alallra
1495 3622 1636 3708 similia
1655 3623 1906 3735 similiterque
1922 3655 2001 3741 po·

735 3744 804 3832 lita
819 3745 868 3827 ad
886 3731 1057 3829 eundem
1074 3751 1241 3852 gradum
1254 3752 1433 3850 tendere,
1449 3778 1539 3836 cum
1561 3751 1671 3835 idem
1700 3765 1852 3863 corpus
1877 3765 1994 3845 relo-

737 3873 861 3960 ritate
879 3875 1018 3985 fimpla
1036 3877 1192 3963 unicum
1207 3881 1354 3968 tendit.
1378 3881 1427 3966 ld
1445 3883 1597 3994 primus
1609 3877 1728 3966 Pater
1744 3890 1997 3974 meusosten-

735 4003 812 4108 dit,
837 4003 921 4090 sed
921 4031 994 4115 per
1013 4009 1359 4118 compositionem
1376 4033 1532 4116 motus,
1561 4012 1627 4120 qui
1663 4011 1891 4122 scrupulum
1911 4041 2004 4103 mo·

739 4155 835 4216 vere
854 4154 1042 4244 poterat3
1064 4139 1158 4250 Ego
1173 4163 1275 4224 vero
1295 4140 1404 4224 idem
1431 4140 1717 4226 demonstrabo
1748 4144 1930 4251 directe,
1959 4153 2005 4238 ει

739 4260 903 4369 quidem
919 4291 971 4350 ex
992 4265 1074 4349 boc
1096 4267 1181 4378 ipso
1207 4271 1411 4379 pn’neipio
1433 4299 1455 4357 a
1481 4271 1734 4378 temporibus
1762 4265 1910 4360 Gahlei
1947 4279 2004 4363 ab

738 4393 929 4476 omnium
953 4397 1157 4484 nationum
1177 4391 1412 4484 Geometris
1429 4418 1596 4508 recepto
1620 4455 1635 4502 ,
1661 4395 1726 4484 sed
1752 4421 1917 4510 tamen,
1946 4412 2003 4496 uti

740 4521 902 4630 eredo,
933 4526 1184 4637 ronmgmter
1210 4549 1363 4614 tantum
1393 4553 1489 4611 uero
1516 4583 1532 4633 ‚
1558 4551 1637 4637 quo
1663 4533 1851 4618 nimirum
1877 4543 1998 4644 poni-

514 4663 603 4793 Q
624 4693 669 4791 3·
736 4647 858 4740 turdo
878 4656 1038 4773 :pria
1099 4659 1166 4750 En
1199 4659 1599 4752 demonstrationem.
1686 4661 1748 4758 sit
1787 4663 2008 4890 plastrum}

1729 4885 1732 4892 ,
1891 4825 1973 4912 quo
