4386 5980
707 581 809 714 448
847 619 879 666 ι
1141 565 1230 667 DE
1265 562 1455 668 MVRO
1507 593 1510 602 ¹

718 779 881 894 imperii
897 781 1146 902 temppn'bus
1162 781 1274 867 edito
1292 778 1417 896 (quod
1435 779 1613 866 ecodice
1629 771 1807 866 Goliano
1826 777 1968 870 descri-

718 934 831 1030 prurn
848 910 999 1027 habeo)
1015 911 1300 999 Alexandrum
1320 911 1685 1016 comminiscuntur,
1702 911 1862 997 Indiam
1873 912 1968 999 Per-

580 1063 584 1076 ·
718 1044 817 1130 stam
852 1065 892 1128 et
921 1041 1168 1131 Bilaailllunr
1202 1043 1284 1127 hoc
1302 1043 1379 1149 est,
1421 1039 1567 1127 Asiam
1582 1037 1787 1126 minorem
1806 1065 1849 1127 et
1866 1043 1974 1155 quid-

721 1173 819 1286 quid
835 1175 875 1257 in
894 1167 1009 1284 Syria
1025 1173 1405 1284 Mesopotamiaque
1421 1171 1599 1260 Romani
1612 1173 1703 1256 iuris
1717 1198 1771 1258 eo
1786 1193 1973 1284 temporo

721 1323 829 1408 erat,
846 1293 1077 1413 ceterasque
1091 1306 1312 1414 prouincias
1328 1302 1398 1388 sub
1412 1306 1545 1414 iugum
1562 1301 1714 1407 midde,
1732 1323 1823 1388 tum
1841 1325 1977 1390 autem

720 1431 919 1518 ‘desiderio
936 1431 1101 1516 videndi
1131 1446 1288 1520 terram
1315 1429 1416 1518 Scir
1436 1429 1647 1539 ingrefftnn
1681 1429 1974 1520 e'ffetenebras:
2070 1483 2072 1491 J

724 1557 786 1650 Et
802 1560 1042 1676 ingrefflfiant
1058 1559 1340 1678 (Macedones)
1353 1566 1435 1647 iter
1451 1564 1571 1647 trium
1586 1561 1776 1648 dimrmirr
1792 1563 1975 1670 tenebris,

724 1691 804 1778 deit
817 1705 1016 1777 tenuerunt
1032 1705 1213 1799 terram,
1248 1689 1477 1808 qunefitpra
1493 1692 1675 1801 regionem
1692 1689 1792 1780 hanc
1798 1693 1975 1811 fitaerat

724 1835 767 1946 et
785 1817 972 1935 hostiliter
988 1820 1200 1935 inuaserant
1215 1819 1531 1936 cornemplatique
1542 1819 1633 1932 sunt
1651 1822 1690 1906 in
1704 1823 1799 1914 luce.
1861 1823 1977 1910 Tum

725 1975 826 2037 vero
844 1953 1475 2064 gemmarumpvnionumaurique
1492 1971 1655 2038 montes
1672 1954 1743 2038 visi
1757 1951 1863 2064 stant:
1888 1953 1979 2066 quid

678 2171 688 2178 ,
724 2086 864 2166 enimc
881 2078 1117 2169 Cimmeriis
1139 2084 1309 2168 tenebris
1326 2103 1498 2192 repente
1514 2082 1761 2190 prodeuntes
1777 2105 1819 2166 et
1845 2083 1894 2167 ad
1913 2085 1979 2168 de-

721 2209 868 2299 suetam
890 2213 1022 2298 lu'cem
1041 2214 1309 2299 caecutientes
1325 2211 1406 2298 non
1422 2211 1638 2296 uideresrbi
1656 2203 1986 2302 uiderenturlDe¹

726 2365 847 2424 muro
868 2363 1003 2426 tamen
1020 2343 1090 2428 illo
1124 2342 1224 2429 nihil
1248 2341 1498 2433 Samaritani.
1540 2337 1607 2427 At
1630 2340 1982 2456 Hegelippus,nou

626 2540 630 2558 ,
724 2471 793 2556 ille
813 2472 974 2582 quidem
992 2469 1308 2582 ade'oantiquus,
1322 2471 1386 2555 sed
1403 2465 1467 2582 qui
1487 2471 1657 2580 plurima
1678 2503 1700 2558 a
1718 2473 1883 2574 ludaeis,
1897 2473 1982 2559 hoc

724 2601 808 2702 est,
834 2625 985 2714 cuano
1001 2600 1142 2704 haulit,
1170 2605 1223 2686 ita
1236 2602 1376 2688 omnia
1395 2621 1537 2688 narrar.
1556 2629 1628 2710 per
1648 2603 1803 2689 claustra
1825 2602 1983 2688 ferreae

614 2813 619 2818 .
725 2749 933 2840 „portae,
965 2755 1066 2842 quae
1085 2726 1322 2817 Alexander
1337 2751 1556 2844 praerupto
1574 2730 1700 2820 Tauri
1714 2734 1864 2847 montis
1883 2735 1982 2845 iugo

724 2858 976 2970 ‚,imposuit,
1003 2865 1256 2976 cunceteris
1272 2862 1457 2974 gentibue
1468 2859 1575 2946 fuilie
1591 2865 1795 2950 coercitos
1806 2857 1983 2950 Alanos:

604 2975 611 2994 '
721 2987 963 3099 „incoluisse
982 3013 1119 3076 aurem
1158 3017 1234 3078 eoa
1274 2987 1514 3104 Scythicum
1530 2989 1709 3079 Tanaim
1729 2994 1984 3106 finitimaque

532 3225 535 3233 ¹
601 3137 604 3145 ⁴
728 3122 846 3226 „eius
860 3139 902 3206 et
919 3119 1105 3208 Maeotin
1124 3121 1315 3232 paludem
1334 3178 1345 3228 ,
1379 3137 1421 3210 et
1439 3125 1557 3206 veluti
1576 3124 1748 3234 quodam
1767 3147 1929 3208 carcere
1942 3125 1983 3210 il·

572 3240 576 3248 ’
725 3251 827 3360 „lius
845 3271 930 3334 arte
942 3253 1160 3358 etingenio
1173 3251 1412 3353 inclusos,tt
1431 3251 1506 3336 suis
1528 3250 1571 3337 so
1585 3257 1837 3360 continerent
1849 3257 1980 3362 terris,

658 3391 661 3396 ’
726 3381 893 3490 „alienas
908 3403 992 3464 non
1009 3383 1260 3474 incursarent.
1323 3381 1438 3473 Haec
1453 3384 1556 3467 itain
1572 3387 1726 3471 oriente
1739 3385 1978 3496 percrebue-

726 3535 797 3615 re,
821 3529 864 3593 vr
879 3509 929 3596 ad
947 3508 1144 3622 Procopii
1171 3535 1325 3624 quoquc
1346 3507 1459 3599 aures
1475 3515 1738 3627 peruenirent.
1806 3509 1864 3598 Et
1888 3507 1987 3601 Ger·

727 3639 1314 3752 uasrusTilbericnsrssrc.san1r
1338 3675 1348 3729 t
1377 3639 1677 3759 (alinlndt'ass
1698 3665 1805 3727 mons
1825 3639 1985 3759 Caspius

651 3781 655 3786 '
727 3791 854 3883 aquo
874 3763 1391 3883 mareCaspiumuocatur‚
1417 3768 1648 3886 intquae'm
1672 3787 1865 3880 amare,
1902 3769 1989 3890 Gng
2090 3852 2105 3881 ,-
2166 3757 2167 3764 Ν

725 3909 767 4014 el
790 3893 947 4009 Maaog
961 3961 974 4005 ‚
988 3895 1242 4013 serocifflmae
1252 3915 1393 4011 genter
1409 3928 1436 3988 a
1458 3895 1518 3987 M
1518 3926 1613 4014 agno
1632 3896 1854 3988 Alexandro
1868 3905 1981 3990 inclu-

710 4023 945 4143 saefuerunt
970 4092 982 4137 ,
1013 4055 1112 4147 quat
1128 4029 1311 4118 humanis
1332 4031 1515 4120 cantibus·
1528 4045 1567 4118 et
1597 4029 1764 4118 bellonis
1788 4030 1910 4120 crudis
1921 4059 1987 4124 ve·

676 4154 885 4274 struatur.
1404 4177 1451 4260 ff

732 4284 736 4292 ’
844 4287 931 4372 Iam
959 4315 1060 4398 quae
1087 4317 1139 4376 ex
1170 4293 1401 4402 incorruptis
1430 4283 1687 4378 Graecorum
1715 4294 1990 4384 monumentis

595 4503 598 4508 .
730 4435 946 4530 comperta
956 4435 1157 4528 tenemus,
1184 4447 1233 4507 ea
1250 4427 1414 4512 ntinime
1429 4425 1547 4510 nobis
1569 4426 1802 4535 permittunt⁴
1825 4429 1989 4512 credere

810 4807 815 4814 ,
854 4671 922 4796 (Ω)
942 4669 998 4776 Τ.
1013 4677 1051 4772 Ι.
1072 4672 1207 4800 Sation
1228 4679 1479 4802 Brenfitic.fi
1498 4703 1605 4804 911.
