4352 5962
718 549 817 686 ³4⁶
888 476 1247 648 cumeurn.
1271 516 1524 630 moero
1562 527 1617 638 o
1635 529 1861 666 rum

724 797 925 916 principio
936 792 1108 882 duodeni
1120 776 1233 878 fimus
1244 781 1535 898 conspeximus.
1597 783 1985 905 Deniqueptnctet.

726 933 778 1020 tis
799 923 1024 1038 amplitudo
1050 922 1284 1035 hepatisque
1306 917 1371 1004 seu
1393 918 1531 1027 potius
1550 915 1732 1006 vasorum
1751 922 1985 1014 bilariorum

725 1057 923 1168 stupueris
937 1051 1084 1140 fabrice
1100 1041 1255 1139 silentio
1273 1047 1404 1136 minus
1421 1050 1761 1158 pretermittenda
1775 1055 1834 1140 est
1845 1087 1854 1141 :
1867 1047 1986 1146 Nam

687 1189 691 1197 ’
725 1203 874 1304 preter
891 1181 1141 1296 superficiem
1166 1177 1322 1293 hepatis
1339 1175 1525 1289 plurimis
1549 1180 1707 1289 prunis
1733 1176 1798 1268 scu
1821 1188 1986 1276 muctdis

729 1313 991 1408 albicantibus
1006 1308 1281 1422 respersumdd
1299 1323 1438 1394 notatu
1453 1305 1763 1416 dignum'visum
1783 1313 1860 1420 est,
1879 1321 1986 1426 quod

728 1447 867 1559 ungui
883 1438 1387 1551 duciushepaticiinunum
1401 1435 1557 1526 ductun
1571 1437 1674 1526 haud
1692 1443 1907 1548 confluunt,
1919 1441 1987 1534 sed

729 1575 912 1664 distinsiis
953 1569 1121 1657 orificiis
1162 1565 1287 1656 dttdui
1329 1565 1482 1677 cystico
1522 1566 1786 1656 inosculantur
1814 1636 1828 1682 ‚
1856 1570 1986 1684 specie
2155 1585 2156 1656 i

729 1705 922 1792 dustuum
951 1701 1159 1812 hepatico·
1177 1695 1434 1807 cynicorum.
1498 1693 1650 1785 nunus
1680 1705 1986 1811 parerentici&

586 1915 591 1922 .
730 1831 964 1924 cholidochi
981 1823 1168 1939 ingressus
1191 1825 1467 1914 communisin
1485 1825 1660 1912 duodeni
1677 1829 1983 1946 caritatemque.
2155 1905 2156 1910 t

734 1983 826 2054 tuor
841 1962 972 2076 digitis
989 1958 1090 2047 infra
1104 1958 1318 2069 pylorum‚
1354 1955 1393 2040 in
1415 1978 1495 2066 quo
1505 1955 1602 2042 loco
1620 1960 1754 2045 tunica
1768 1962 1938 2048 intestini
1950 1966 1986 2050 in

734 2115 940 2182 tumorem
955 2086 1547 2202 oblongo-rotundumelemtt
1563 2087 1641 2191 est,
1664 2087 1733 2175 sub
1752 2113 1829 2201 qun
1844 2091 1988 2204 species

734 2222 977 2334 receptaculi
994 2224 1035 2306 in
1053 2213 1312 2328 conspecium
1326 2214 1476 2324 uenit,
1508 2219 1644 2327 inquo
1670 2217 1759 2305 bilis
1786 2223 1829 2306 δε
1855 2220 1987 2310 fitccus

736 2350 1012 2464 pancrenticus
1038 2349 1212 2432 invicem
1233 2341 1464 2455 permisceri
1483 2347 1692 2454 videntur,
1717 2367 1934 2461 antequam
1951 2354 1989 2439 in
2156 2353 2157 2436 J

736 2503 881 2566 cortun
898 2475 1064 2562 intestini
1079 2475 1249 2560 effluant.
1316 2473 1741 2585 Vestculaipsabilarin
1758 2479 1812 2564 fic
1827 2480 1991 2570 confor-
2156 2471 2157 2554 ἰ

737 2627 850 2697 mrtc
867 2606 934 2711 est,
948 2625 992 2692 ut
1014 2604 1170 2693 duobus
1193 2603 1420 2714 sepimentis
1447 2603 1769 2714 horizontulibns‚
1793 2595 1903 2696 certo
1925 2612 1995 2717 di,

740 2738 879 2826 stantia
893 2736 1065 2822 remotis
1083 2760 1129 2819 ac
1144 2737 1183 2820 in
1197 2733 1331 2820 medio
1352 2733 1550 2822 foramine
1568 2739 1792 2846 pertusum
1809 2739 1905 2832 duas
1917 2768 1987 2830 ue-

740 2863 1244 2956 iuticamcrasdistindnsrt.
1293 2853 1512 2950 Postremo
1524 2863 1656 2952 Lienis
1675 2863 1722 2960 8.
1750 2869 1993 2958 transuersos

742 2999 886 3112 digitos
913 2998 1025 3110 longi
1041 2995 1135 3082 sutus
1151 2992 1374 3080 admodum
1394 2991 1567 3080 cttriofirs
1585 2991 1690 3080 visne
1710 3000 1795 3087 est:
1825 2993 1993 3090 Nomio

742 3125 881 3215 medio
906 3127 1057 3212 ventris
1075 3123 1143 3209 sub
1159 3122 1350 3210 umbilico
1379 3125 1480 3236 quud
1509 3125 1695 3231 nunnae,
1720 3129 1838 3216 ficuti
1864 3157 1993 3221 omen-
2157 3195 2158 3210 t

741 3275 788 3345 to
817 3256 981 3361 ablato,
1006 3276 1086 3367 quo
1100 3253 1219 3380 instar
1247 3252 1375 3365 panni
1402 3255 1539 3342 omnin
1563 3255 1738 3348 intestine
1766 3260 1993 3384 obvolvunt

742 3403 816 3498 tur,
831 3385 1052 3474 luculenter
1070 3381 1363 3492 conspeximus.

848 3514 975 3606 Hisce
987 3507 1451 3628 premitusPecqneunni
1465 3520 1748 3630 recepncdi&
1764 3527 1906 3613 emolit
1914 3525 2004 3616 tho·

548 3708 557 3726 .
605 3650 614 3670 '
684 3635 694 3660 '
741 3646 894 3750 retici,
916 3665 1038 3753 prout
1059 3648 1098 3730 in
1118 3643 1195 3728 hac
1211 3642 1406 3731 ruitum
1422 3643 1507 3732 sero
1523 3647 1586 3734 hae
1611 3651 1691 3738 viae
1716 3655 1835 3738 nobis
1854 3657 1999 3744 oblate

580 3771 591 3792 ’
662 3771 675 3800 ⁹
743 3775 854 3882 sunt,
877 3771 1090 3885 descriptio
1113 3773 1301 3858 nccurn'tn
1324 3771 1615 3888 suppeditanda
1637 3782 1715 3872 est..
1779 3779 2000 3873 Tumensa

568 3983 580 3998 ,
744 3901 992 4016 lymphatica
1010 3927 1065 3989 ex
1092 3902 1179 3988 imo
1193 3919 1331 4016 uentre
1351 3908 1528 4018 utrinque
1547 3909 1790 3998 ascendentia
1810 3935 1858 4000 aa
1869 3967 1883 4011 ‚
1911 3934 2001 4002 tum

747 4035 922 4152 ttin4ue
939 4030 1159 4122 unsaiadea
1169 4029 1451 4120 mesenteriibb
1465 4039 1509 4122 in
1526 4034 1751 4128 fasciculum
1770 4043 2003 4152 collectum

700 4271 704 4276 Ι
746 4158 896 4252 Asellii
909 4180 1117 4275 procreate
1127 4161 1197 4251 sub
1207 4166 1348 4249 arteria
1358 4161 1582 4253 mesenterii
1594 4170 1801 4288 superiore
1810 4172 1998 4264 incedere

677 4318 687 4336 ·
748 4293 836 4398 tin,
857 4295 990 4404 primo
1007 4295 1047 4375 in
1068 4291 1326 4402 conspectum
1343 4298 1504 4382 ueniunt
1533 4299 1657 4412 iisque
1689 4302 1854 4388 cisterna
1878 4312 2004 4394 conti

751 4438 869 4504 nuato
884 4419 956 4511 est.
977 4415 1164 4508 Cisternn
1182 4419 2002 4550 ipsaeucsrculnfimplempnrvnoblongr,

750 4548 1156 4671 nonsparens,dgitt
1171 4552 1496 4674 miniatinpicem
1514 4559 1583 4651 uix
1610 4560 1861 4674 adrumetus,
1896 4569 2010 4654 cuiue
