4298 5952
680 502 1030 602 OEILIFERA.
1393 511 1490 642 28'5

228 767 381 874 sinistro
401 777 441 853 ut
457 765 569 874 supra
599 759 862 846 indicavimus
891 760 1024 842 maior
1043 777 1130 846 erat
1153 785 1274 873 quam
1314 763 1353 850 in
1381 764 1482 850 dex-

228 923 293 990 tro
312 896 597 999 differentiam,
622 892 664 976 id
685 889 912 976 discriminis
930 913 1087 1002 quoque
1111 891 1392 983 evidentiffime
1419 895 1517 981 ad-v

226 1030 392 1144 parebat
440 1081 454 1132 ‚
487 1025 598 1136 quod
617 1024 659 1106 iu
682 1022 827 1108 dextro
845 1045 892 1104 ea
914 1018 999 1104 sere
1026 1023 1222 1114 reslitudo
1244 1021 1342 1112 esset
1360 1045 1517 1136 ‘quam

223 1165 265 1250 in
300 1157 422 1248 fistula
459 1152 679 1241 barometri
716 1149 930 1236 observare
966 1147 1149 1272 solemus.
1231 1149 1315 1240 Ad.
1349 1153 1495 1240 secun·-

225 1293 320 1379 dam
347 1283 541 1374 dorsalem
560 1283 784 1370 vertebram
809 1280 973 1368 demum
996 1284 1181 1390 insignem
1199 1285 1400 1372 efficiebat
1418 1311 1486 1370 an·
1500 1259 1600 1378 'Fls
1641 1289 1680 1378 3·

226 1423 363 1538 gulm
400 1415 464 1506 seu
499 1409 693 1504 flexuram
725 1437 800 1500 nec
834 1438 920 1501 non
951 1409 1259 1530 bifurcationem
1294 1423 1355 1506 ssu
1383 1415 1480 1505 insu·
1517 1393 1670 1482 ῑῖῖ-Ε·
1756 1431 1764 1446 ’

213 1555 343 1658 lam,
379 1574 432 1634 ex
449 1569 524 1658 qua
553 1567 660 1632 nota
695 1559 887 1656 propago
911 1540 1045 1628 sersus
1084 1545 1269 1632 finistrum
1298 1525 1501 1635 canalem.
1517 1525 1603 1613 Lit.
1615 1521 1666 1620 F.

222 1681 304 1784 sese
337 1679 538 1770 ,inclinans
586 1675 778 1785 fi'mulque
796 1699 889 1758 cum
917 1671 1071 1756 duobus
1090 1667 1177 1758 aliis
1193 1681 1312 1764 ramis
1329 1705 1381 1764 ex
1396 1677 1482 1778 smi-

222 1815 303 1898 stro
329 1805 617 1921 prodeuntibus
642 1801 693 1888 ad
726 1827 872 1887 renam
898 1797 1138 1886 subclaxiam
1168 1801 1355 1891 sarristram
1390 1830 1487 1890 con.

223 1939 393 2026 tendens
439 1990 454 2041 ‚
512 1931 773 2024 abscedebat.
854 1927 1021 2016 Dexter
1056 1927 1207 2016 finistro
1240 1933 1407 2021 crassior
1446 1937 1489 2020 δε
1576 1951 1578 1956 ·

224 2068 399 2177 amplior
429 2082 513 2150 erat
557 2096 566 2150 :
636 2049 797 2150 'sinister
846 2061 1071 2145 econtrario
1111 2059 1327 2150 admodum
1360 2065 1491 2150 sarruo·
1722 2059 1726 2068 '

222 2198 265 2284 sa
290 2201 346 2310 0&
379 2195 553 2280 flexuosa
584 2193 649 2278 xia
680 2216 774 2298 cum
807 2190 959 2276 crebris
991 2189 1222 2302 &prolixis
1256 2191 1485 2280 bisurcatio-
1572 2283 1577 2291 ,

173 2433 181 2443 Ι
222 2328 339 2413 nibus
402 2314 611 2390 aaa*
665 2319 867 2431 duplicem
917 2317 1000 2404 fere
1042 2321 1202 2408 dudum
1243 2321 1494 2410 thoracicum

224 2455 507 2542 mentientibus
567 2471 739 2562 totoque
781 2450 867 2533 eius
912 2451 1035 2537 tractu
1072 2449 1293 2560 conspicuis
1334 2456 1495 2542 incede·
1611 2470 1618 2483 '

223 2585 307 2674 bat.
390 2583 626 2693 Priusquam
655 2580 879 2666 sententiam
906 2581 1083 2666 nostram
1123 2580 1188 2680 de,
1205 2583 1280 2667 hac
1319 2571 1502 2671 consor·'
1637 2625 1643 2632 ·

224 2716 414 2803 strationis
459 2699 682 2800 diuersitate
723 2707 913 2818 simulque
956 2709 1168 2819 pluralitate
1210 2716 1486 2828 receptaculo·

220 2845 558 2933 rum&duduum
570 2841 807 2954 generaliter
827 2861 1096 2950 exponamus,
1121 2841 1303 2942 indicare
1318 2846 1492 2929 modum

222 2995 420 3090 oportet,
458 2998 541 3084 quo
566 2973 615 3057 ad
638 2970 867 3080 exemplum
885 2970 1230 3080 receptaculorum
1250 2975 1329 3060 duo
1353 2976 1493 3059 rbora-'

225 3105 305 3188 cici
320 3103 482 3188 canales
494 3104 534 3188 in
548 3097 685 3186 nostro
702 3097 872 3188 subiecto
887 3099 988 3205 incer
1010 3099 1048 3183 se
1069 3099 1243 3184 invicem
1261 3102 1490 3188 communi·

223 3229 384 3323 cabant.
397 3231 548 3318 Tribus
558 3231 808 3342 locis,prope
825 3233 1018 3337 ortum,&
1035 3232 1073 3314 in
1088 3228 1228 3315 medio
1246 3262 1318 3344 per
1328 3231 1486 3318 brachia

222 3361 289 3448 seu
307 3364 468 3464 tubule
482 3359 724 3447 transversos
743 3383 762 3444 e
780 3383 852 3442 nec
870 3384 955 3443 non
973 3347 1323 3469 permemoratam
1336 3385 1483 3473 propa·

164 3543 173 3562 x
224 3487 418 3608 ginemF
444 3518 468 3577 e
488 3493 616 3576 dextri
633 3489 864 3589 canallsfine
874 3490 1110 3600 produstam
1121 3511 1210 3574 eam
1221 3491 1359 3578 institui
1374 3517 1491 3578 com·

226 3623 564 3724 municationem‚
583 3621 707 3732 qualis
725 3618 837 3730 supra
850 3603 950 3705 inter
970 3618 1052 3704 duo
1065 3627 1325 3732 receptacula
1344 3623 1487 3712 descri-

224 3774 297 3865 pta
315 3752 372 3837 est
400 3751 672 3860 ,laedentes
697 3747 989 3860 conspeximus.
1063 3747 1175 3837 Inter
1197 3755 1371 3864 plurima
1392 3753 1486 3840 xasa

222 3883 472 3993 lymphatica
496 3881 607 3968 srmul
629 3883 669 3963 in
695 3877 948 3992 conspectum
966 3879 1168 3964 venientia
1190 3939 1202 3987 ‚
1229 3883 1351 3970 unum
1368 3909 1486 3972 mon·
1512 3867 1597 3964 Lit.
1617 3865 1671 3964 G.

226 4009 375 4098 struose
401 4011 613 4098 distentum
638 4009 705 4093 sub
729 4011 913 4096 clauicula
932 4008 1080 4096 finillra
1102 4011 1486 4102 locatumoccurre-

228 4141 321 4258 bat,
346 4141 453 4252 quod
471 4169 550 4226 una
570 4165 666 4224 cum
688 4141 838 4226 caeteris
856 4164 908 4224 eo
933 4141 1015 4228 fine
1035 4141 1303 4250 representari
1328 4148 1479 4232 carravi-

224 4295 332 4372 mus,
343 4291 386 4355 ut
399 4271 765 4382 quantamlymphae
779 4271 911 4388 dusius
926 4271 1073 4382 absque
1083 4292 1241 4380 ruptura
1258 4274 1480 4367 distrusiiu.

211 4395 1487 4512 'nempatipolsmnunohocexemplointelligiposlit.erota-

218 4556 324 4648 men
351 4525 640 4618 formationem
665 4549 871 4618 tumorum
895 4531 1198 4620 vesrculosorum
1221 4597 1234 4642 ,
1261 4537 1486 4624 cuiusmodi
1562 4529 1568 4534 ’

764 4655 969 4776 ,Νη
1442 4691 1486 4752 m
