4298 5952
572 531 1057 652 MVSCVLORVM.
1314 661 1323 685 ι
1386 509 1518 683 303¹

200 785 564 904 requiriturquam
583 788 693 900 quod
712 793 909 882 afluxu&
923 797 1079 884 refluxu
1107 793 1311 909 spirituum
1327 801 1480 916 imper·

200 919 332 1028 dier,
353 920 393 1004 id
409 920 482 1026 est,
505 919 795 1017 breviffimum.
857 925 1027 1016 Interim
1050 929 1147 1042 quid
1161 931 1237 1039 fit,
1268 937 1380 1046 quod
1395 934 1474 1046 spi-

199 1055 308 1141 ritus
323 1079 346 1137 a
363 1075 580 1138 nervorum
597 1052 807 1169 principiis
824 1056 873 1143 ad
886 1059 1044 1148 ultimas
1060 1065 1334 1150 extremitates
1350 1065 1475 1152 fluere

197 1181 325 1273 faciat
340 1187 381 1271 id
398 1183 480 1268 aliis
494 1182 764 1294 indagandum
774 1189 958 1300 relinquo
976 1244 990 1295 ‚
1015 1193 1217 1278 refluxum
1235 1213 1368 1279 autem
1397 1197 1469 1281 de-

202 1313 323 1402 duco
343 1316 527 1401 avirtute
548 1315 951 1430 elasticafibrillarum
969 1320 1297 1437 transuersalium
1317 1325 1470 1435 3s1cdi-

199 1447 383 1534 cendum
411 1447 469 1542 est
494 1444 714 1532 musculum
740 1450 792 1532 in·
807 1454 1083 1541 concretionis
1099 1453 1196 1540 statu
1213 1441 1466 1564 permanere,

139 1640 142 1655 .
199 1579 391 1692 quamdiu
410 1576 667 1690 aequilibrium
686 1577 793 1665 adest
811 1573 912 1666 int'er
928 1580 1020 1669 illud
1034 1585 1143 1694 prius
1162 1604 1295 1670 motus
1311 1589 1461 1696 princi-

197 1711 339 1822 pium,
361 1710 629 1824 quodcunque
648 1709 706 1819 lit,
734 1715 776 1796 ἀ
802 1729 990 1798 conatum
1018 1714 1086 1825 qui
1099 1712 1195 1798 inest
1223 1715 1399 1802 minimis
1412 1717 1467 1832 fi-

194 1839 409 1930 brillaruin
426 1839 750 1954 trasuumsalium
769 1839 965 1955 particulis
980 1839 1058 1928 sese
1072 1843 1314 1929 restituendi.
1448 1919 1454 1932 .

324 1967 415 2060 xt
470 1963 680 2084 Supersunt
719 1971 789 2056 alia
821 1969 1006 2084 quaedam
1025 1970 1260 2079 indicanda,
1282 1997 1368 2084 quat
1389 1998 1469 2089 pro

195 2101 398 2188 sententia
416 2102 550 2188 nostra
568 2095 702 2187 facere
721 2103 898 2200 uidentur
930 2100 1088 2189 :Dein
1115 2102 1209 2190 huie
1235 2103 1382 2214 primae
1404 2104 1465 2192 se-

194 2234 327 2356 ctioni
344 2231 468 2318 finem
482 2232 708 2344 imponam.
773 2231 874 2319 Dixi
893 2231 1027 2342 supra,
1046 2231 1135 2320 fieri
1150 2233 1286 2348 posse,
1325 2253 1370 2320 ut
1390 2232 1467 2350 spi-

124 2437 129 2444 .
196 2367 303 2454 ritus
322 2386 464 2449 omnes
477 2365 563 2469 ,vel
579 2361 712 2451 saltem
722 2366 899 2448 maxima
916 2365 1137 2450 eorundem
1150 2363 1476 2476 paraposlquam'

198 2497 245 2582 in
266 2490 487 2581 musculum
506 2512 696 2608 egerunt,
720 2493 924 2598 refluant3
951 2489 1004 2586 Si,
1018 2497 1124 2580 e‘nim
1148 2493 1316 2582 avolare
1341 2495 1467 2602 dicas,

199 2629 308 2716 unde
330 2643 441 2710 tanta
464 2621 662 2736 spirituum
687 2627 886 2735 quantitas
917 2675 930 2727 ,
970 2649 1047 2738 qua
1076 2626 1267 2712 continuo
1295 2629 1472 2740 reparari

196 2757 350 2870 polimt
369 2747 390 2836 s
406 2747 548 2842 Solum
568 2777 640 2839 tor
657 2752 743 2864 plus
767 2752 916 2838 centies
937 2755 1077 2840 miles
1101 2751 1353 2840 contrahitur
1369 2781 1468 2868 quo-

197 2889 324 2994 tidie,
355 2884 514 2997 cogites
536 2884 587 2969 de
601 2883 767 2970 homine
797 2881 963 2995 pedibus
978 2882 1053 2969 iter
1064 2884 1335 2997 ingrediente,
1355 2887 1405 2971 de
1418 2913 1462 2970 a·

194 3021 336 3110 ctione
366 3017 551 3102 continua
581 3013 748 3128 plurium
773 3011 940 3100 aliorum
968 3011 1240 3101 musculonun
1259 2991 1466 3130 vitalium,
1615 3101 1616 3106 a

196 3147 335 3261 fingas
352 3143 454 3229 haud
474 3147 664 3258 exiguam
681 3143 953 3230 alimentortun
969 3145 1181 3257 partemin
1198 3141 1350 3254 spiritus
1367 3171 1468 3232 con-

194 3277 306 3362 verti
317 3326 329 3380 ,
346 3275 418 3358 uix
437 3292 577 3361 tamen
588 3273 840 3363 millesimam
859 3275 973 3386 grani
992 3294 1153 3386 partem
1176 3272 1366 3359 obtineas
1385 3301 1468 3388 pro

197 3433 276 3494 nna
301 3405 438 3494 cordis
463 3400 633 3514 systole,
666 3403 717 3488 de
744 3427 820 3512 qua
848 3385 928 3518 egt‘t
953 3427 1037 3489 non
1052 3391 1211 3524 uideo,
1252 3407 1466 3514 quomodo

198 3557 322 3626 tantae
345 3535 610 3620 contractioni
639 3530 820 3621 sufficere
845 3531 980 3644 poffit.
1045 3531 1186 3628 Facile
1203 3557 1333 3644 porro
1352 3535 1464 3622 intei-

192 3667 329 3776 ligitur
344 3692 415 3751 cur
426 3666 549 3778 ligata
562 3643 706 3750 arteria
715 3685 848 3748 motus
862 3685 1002 3774 pereat
1014 3665 1054 3750 in
1071 3659 1262 3766 musculo,
1272 3660 1323 3746 ad
1340 3691 1466 3775 quem

198 3800 338 3884 arteria
359 3797 520 3900 tendit,
552 3796 620 3881 nisi
641 3797 746 3878 einim
763 3792 1179 3908 machinulaefibrarum
1192 3791 1376 3906 sanguine
1396 3819 1461 3882 re-

195 3929 316 4040 pletae
336 3925 436 4032 lint,
457 3947 595 4014 motus
607 3923 812 4010 succedere
829 3925 984 4034 nequit,
1007 3925 1259 4009 unde-nouus
1277 3923 1327 4008 ab
1352 3945 1464 4011 arte·

67 4153 78 4166 ,
197 4059 269 4144 riis
286 4043 558 4170 suppeditetur
578 4057 765 4142 continuo
778 4052 931 4170 sanguis
941 4055 1094 4142 necelse
1110 4051 1168 4136 est
1182 4116 1193 4152 ‚
1209 4051 1376 4162 seqnitur
1385 4080 1458 4140 ex-

198 4189 290 4275 inde
309 4213 468 4302 quoque
480 4190 647 4301 ligatura
660 4185 815 4270 arteria
831 4197 991 4272 motum
1011 4189 1049 4272 in
1075 4179 1256 4268 musculo
1272 4186 1464 4293 paulatim

197 4345 282 4404 non
300 4320 486 4429 protinus
504 4319 610 4421 tolli,
640 4315 1010 4429 quodexperientia
1031 4311 1311 4400 confirmatur.
1335 4311 1467 4434 Quod

129 4485 135 4498 ’
193 4453 235 4539 in
254 4451 479 4536 tendinibus
506 4451 607 4534 nulla
624 4446 926 4538 contrastiouel
946 4442 1252 4531 intumescentia
1263 4442 1458 4529 obserua-

196 4601 287 4691 uu,
310 4586 353 4672 id
367 4585 452 4699 peti
471 4578 590 4666 debet
606 4603 659 4666 ex
675 4577 825 4666 ultimis
843 4574 975 4664 uerbis
991 4571 1031 4682 l.
1053 4597 1105 4702 4.
1188 4571 1374 4685 Denique
1392 4599 1464 4658 cur

121 4701 125 4710 ’
970 4743 975 4750 ·
1339 4703 1467 4796 nuum
