4386 5980
448 533 456 546 ·
593 443 1088 624 cellaritas}
1216 453 1220 462 “
1387 609 1392 622 .

229 709 234 718 ’
368 759 484 896 ou
522 762 768 888 muno
818 703 1338 943 caucasuo.)

586 1011 593 1021 ·
695 957 942 1082 Auctore
1068 975 1070 981 ’

603 1147 689 1274 Τ.
725 1147 782 1272 S,
819 1147 1075 1318 Bayem.
1207 1222 1212 1235 ·

188 1474 479 1936 Cum
497 1462 728 1562 narnus
748 1460 1016 1564 uncuvs
1046 1393 1306 1562 Derbentum
1326 1495 1365 1561 et
1379 1471 1660 1606 camp,
1783 1511 1787 1518 ·

430 1601 636 1688 cumiedcas
661 1600 850 1709 regiones
870 1597 980 1684 bello
996 1600 1158 1690 Perfico
1196 1603 1394 1690 deditione
1413 1610 1454 1692 in
1494 1645 1618 1758 1726
1759 1681 1764 1688 .

413 1725 890 1842 ,potestatcm'accepit‚
923 1749 969 1812 vt
991 1751 1079 1816 erat
1104 1735 1237 1818 animo
1267 1758 1347 1818 non
1364 1760 1494 1828 mo⁰¹
1598 1719 1634 1762 ·'
1744 1781 1750 1788 -

166 1957 168 1964 ,
371 1925 375 1932 .
440 1861 495 1946 do
512 1861 552 1944 in
571 1857 663 1943 belli
681 1859 864 1968 pacisque
881 1858 1039 1946 conlilia
1062 1866 1197 1950 erecto
1216 1915 1229 1966 ,
1251 1857 1316 1948 scd
1334 1865 1456 1972 etiam
1633 1946 1635 1954 ι

187 1997 256 2107 qui
277 1989 515 2102 grauissimas
532 1989 693 2097 imperii
713 2009 825 2070 curas
845 1989 912 2070 tali
925 1988 1011 2072 otio
1030 2009 1296 2102 temperaret,
1313 2017 1457 2104 exquo

62 2163 70 2172 ·
187 2125 324 2236 aliquis
342 2122 550 2208 doctrinae
567 2116 721 2222 honos,
757 2115 908 2204 actibus
921 2120 1112 2226 acnelsro,
1135 2121 1299 2233 publice
1316 2123 1448 2234 priua.

187 2255 340 2363 simque
351 2247 495 2336 fruetus
513 2265 552 2331 et
571 2243 743 2356 undique
759 2245 883 2357 gloria
901 2271 1234 2358 compararetur,
1269 2253 1457 2363 quidquid

185 2372 358 2493 spectatu
372 2379 540 2490 dignum
558 2377 600 2460 in
622 2374 686 2460 illa
707 2373 972 2486 expeditione
1000 2379 1265 2482 occurrebat,
1293 2401 1452 2492 partem

187 2506 314 2624 perse
329 2505 621 2616 contemplatus
635 2504 718 2608 est,
746 2523 908 2615 partem
933 2531 1008 2618 per
1035 2508 1143 2594 fidos
1166 2509 1454 2622 industriosque

184 2639 368 2728 honines
377 2635 618 2748 ‘explorant
679 2631 887 2744 Inprimis
906 2636 1115 2725 aduertere
1133 2643 1328 2730 exercitia
1344 2639 1454 2726 Rus·
1612 2678 1617 2693 ·

186 2769 262 2858 fici
275 2769 416 2855 oculos
436 2759 625 2888 inaccclla
643 2757 810 2848 Caucasi
827 2763 934 2870 iuge,
957 2767 1206 2852 communita
1223 2765 1394 2852 castellis
1413 2788 1455 2853 et
1700 2744 1705 2775 ¹

186 2921 334 3005 muru,
363 2919 410 2984 vt
428 2891 670 3006 adparebat,
695 2889 925 2978 firmiffimo
944 2911 984 2980 et
998 2911 1046 2978 ut
1069 2895 1293 2984 tradebatur
1310 2921 1332 2980 a
1349 2921 1444 3008 gna·

186 3031 242 3118 ris
259 3030 469 3140 rugituum
490 3085 502 3130 ,
524 3023 632 3108 uasta
648 3019 893 3133 longitudine
914 3027 1104 3132 porrecto
1130 3026 1233 3111 inter
1261 3023 1453 3134 Caspium

185 3184 301 3247 mare
317 3175 358 3242 et
373 3155 558 3242 Ponttmr.
620 3147 718 3238 Pars
734 3152 864 3254 muri,
888 3177 987 3262 quae
1005 3151 1179 3242 subiecta
1200 3174 1285 3242 erat
1313 3157 1449 3260 oculis,

188 3290 243 3376 de
264 3286 379 3372 omni
397 3284 550 3392 reliqua
566 3280 676 3368 mole
705 3282 971 3367 coniecturam
996 3285 1224 3390 mouebat,
1248 3307 1395 3396 quanta
1412 3305 1452 3373 et

160 3419 308 3531 'quam
327 3411 563 3498 admirabilis
579 3405 702 3512 effer,
730 3407 959 3518 praesertim
975 3413 1015 3496 in
1034 3411 1098 3498 illa
1125 3411 1360 3519 solitudine,
1389 3413 1444 3494 su-

185 3574 264 3660 per
280 3544 354 3628 illis
369 3542 570 3626 montium
590 3536 801 3650 fastigiiset
820 3561 909 3624 cum
927 3559 1131 3650 praeterea
1147 3539 1357 3628 hominum
1378 3539 1451 3626 ser·
1546 3551 1557 3576 ⁶

185 3701 260 3762 mo
281 3668 421 3780 etipse
441 3669 622 3779 lapidum
641 3669 761 3752 color
783 3669 830 3752 ad
847 3669 1079 3754 venustatem
1093 3673 1268 3758 ultimam
1288 3689 1369 3754 tam
1383 3671 1443 3754 in.
1467 3701 1469 3708 ’

185 3802 301 3916 signis
321 3799 478 3896 artificii
495 3821 598 3908 opus
615 3796 793 3890 relerret.
857 3793 935 3886 His
953 3800 1068 3886 rebus
1088 3797 1265 3886 incensus
1291 3797 1443 3909 adipe,-

183 3919 370 4022 &alidum
396 3925 520 4013 muri⁴
539 3927 653 4012 situm
682 3921 917 4012 Demetrius
942 3913 1196 4018 Cantemirus
1219 3930 1449 4022 Moldauiac
1507 4010 1510 4019 ,

186 4059 382 4169 Princeps
401 4057 453 4140 ad
474 4057 769 4168 Imperatorem
784 4054 824 4140 sc
847 4060 1025 4166 contulit,
1043 4039 1285 4170 ostenditque
1303 4080 1448 4170 cupere

187 4188 240 4294 se,
261 4188 433 4296 suscepta
450 4187 598 4286 circum
626 4185 1046 4294 murumexcurstone,
1069 4209 1151 4273 tam
1174 4187 1305 4274 nobile
1323 4191 1451 4302 gentis
1617 4289 1623 4301 ν

187 4321 347 4405 alicuius
365 4341 501 4400 rerum
514 4314 704 4400 dominae
718 4337 1028 4403 monumentum
1048 4319 1272 4428 explorare.
1341 4313 1446 4404 Col-

178 4447 361 4544 laudatur
398 4443 449 4532 ab
470 4443 724 4556 Imperatore
751 4471 842 4532 cum
861 4447 1005 4558 viginti
1019 4445 1238 4536 admodum
1260 4445 1452 4534 dimachis
1561 4545 1568 4566 θ

613 4645 620 4660 .
716 4611 720 4620 ·
787 4569 837 4664 ll
854 4570 922 4657 hh
1231 4651 1237 4662 .
1355 4598 1446 4660 mu·
