4386 5980
647 570 651 585 ’
709 545 804 673 438
1158 539 1245 632 DE
1280 531 1474 644 MVRO
1582 515 1585 524 Α

709 715 906 812 Gallicam
931 724 1106 838 {inguim
1137 724 1356 820 translatus
1394 721 1607 830 editusque.
1635 713 1699 835 (7)
1733 713 1852 808 Nam
1877 721 1965 818 iliud

713 848 827 965 Vngu
844 855 888 957 Ii,
927 855 984 939 est
1007 850 1052 937 V
1048 881 1097 962 nn
1113 853 1167 958 Ii,
1200 854 1311 963 quod
1331 849 1461 936 decies
1485 847 1589 934 mide
1603 849 1734 961 stadia
1757 853 1963 962 significat,

515 973 520 984 '
590 1037 594 1050 ·
707 1008 792 1092 quo
815 987 982 1070 nomine
1000 979 1176 1068 Sirenses
1193 985 1308 1094 regni
1325 978 1386 1064 sui
1402 981 1506 1090 quasa
1528 979 1688 1065 moenia
1704 1000 1872 1070 vocant.
1887 981 1964 1066 Ab

583 1107 586 1118 ”
708 1107 896 1200 'eomuro
914 1133 1047 1232 autem
1072 1109 1300 1222 Abulgnsus
1325 1110 1523 1220 distinguit
1555 1107 1675 1208 hunc,
1697 1135 1814 1218 quem
1828 1105 1958 1194 Alex·
2043 1111 2050 1124 '

712 1243 836 1326 ander
860 1243 1033 1352 Magnus
1068 1241 1255 1350 opposuit
1284 1239 1470 1345 gentibus
1492 1233 1666 1352 Jagjugj
1692 1250 1734 1322 et
1757 1235 1962 1354 Magjugj,

709 1365 781 1484 (8)
794 1397 887 1482 quas
903 1370 1063 1456 Tartari
1081 1367 1505 1471 dicmt,haberenares
1516 1366 1964 1470 similescminiqetmu-

717 1523 808 1585 rum
832 1524 996 1612 aeneum
1015 1499 1277 1610 nequidquam
1294 1498 1443 1607 lingere
1460 1495 1599 1578 adhuc:
1615 1501 1805 1608 proxime
1832 1523 1961 1584 autem

716 1648 809 1713 aute
825 1615 937 1712 iilum
973 1647 1200 1746 extremum
1242 1645 1281 1710 et
1310 1623 1528 1709 censorium
1565 1625 1673 1708 diem
1709 1648 1967 1734 perrupturae

715 1760 875 1842 moenia
904 1757 1064 1842 naribus
1089 1754 1182 1846 effe.
1251 1750 1330 1840 Ab
1348 1753 1429 1838 hoc
1458 1753 1626 1862 denique
1653 1754 1850 1864 distinguit
1875 1785 1959 1872 mu-

715 1899 822 1982 rum,
833 1881 1240 2000 quem-Nasabiruan(
1246 1881 1293 2001 9)
1310 1884 1512 1996 eregione
1534 1879 1893 1972 Schamachi‘circa
1908 1903 1965 1973 re

718 2039 843 2128 gnum
864 2014 969 2101 suum
987 2015 1107 2100 duxit.
1410 2109 1415 2116 .
1954 2024 1959 2036 ’

739 2183 749 2196 ¹
833 2143 987 2234 Hicine
1005 2144 1087 2250 est,
1123 2169 1246 2256 quem
1280 2143 1321 2228 in
1354 2142 1477 2228 ruinis
1509 2138 1639 2229 adhuc
1669 2134 1801 2229 iacere
1847 2169 1960 2232 curn-

645 2335 647 2342 ·
715 2277 904 2386 perimus.
971 2267 1101 2359 Alter
1133 2277 1184 2359 ab
1218 2295 1269 2358 eo
1299 2273 1459 2358 nonest
1490 2266 1686 2378 diuerfirs,
1716 2273 1783 2356 sed
1814 2270 1965 2360 fabulo-

565 2397 571 2406 ’
719 2403 763 2488 so
791 2405 962 2496 nomine
1000 2421 1042 2487 et
1088 2403 1334 2490 commentis
1384 2401 1677 2490 Mahometanis
1725 2403 1966 2498 obscuratus.

718 2523 836 2618 Nam
847 2515 1270 2632 cum'Mahometesin
1284 2527 1427 2618 Surata
1444 2533 1602 2616 decima
1618 2533 1752 2618 ostaua
1763 2532 1814 2616 ab
1824 2527 1963 2616 Alex·

672 2749 675 2756 ,
720 2663 852 2748 andro
871 2660 1096 2746 intraduos
1125 2681 1283 2746 montes
1311 2684 1471 2747 murum
1497 2661 1702 2748 conditum
1728 2663 1803 2764 ait,
1840 2686 1897 2746 ex
1915 2685 1969 2747 eo
2059 2693 2069 2717 ·

716 2791 777 2876 est
793 2791 1012 2904 quaesitum
1032 2789 1082 2874 ab
1105 2786 1229 2876 sediae
1248 2792 1345 2877 iliius
1363 2810 1404 2874 et
1425 2788 1702 2898 superstitionis
1726 2789 1970 2896 hominibus,

719 2921 790 3006 rbi
814 2941 1015 3006 terrarum
1043 2919 1076 3004 is
1100 2918 1209 3004 effer„
1274 2917 1471 3006 Eledrisus
1497 2922 1626 3008 multa
1648 2919 1816 3041 ridicula
1844 2923 1970 3027 tradit,

720 3043 932 3136 Aliaiemo
961 3042 1248 3167 AitargJeman
1270 3043 1352 3159 (seu
1376 3046 1618 3162 interprete)
1648 3053 1824 3138 audiore
1887 3048 1968 3134 ΑΙ-

720 3179 885 3264 saiemus
908 3179 984 3281 ait,
1025 3176 1063 3262 se
1093 3167 1346 3262 miffum'ess'e
1373 3203 1396 3262 a
1419 3177 1607 3291 chalipha
1624 3180 1823 3290 quodam,
1854 3182 1973 3290 quiin

659 3417 664 3424 .
721 3306 919 3394 insomnio
944 3331 1134 3418 aggerem
1167 3305 1271 3392 hunc
1300 3291 1530 3394 Alexandri
1564 3313 1669 3394 inter
1683 3330 1811 3395 terras
1836 3305 1973 3394 suaset

721 3447 825 3532 iuter
849 3429 1019 3546 Gogum
1046 3437 1347 3548 Magogumque
1373 3439 1565 3542 medium,
1599 3439 1722 3525 veluti
1745 3459 1885 3547 patere
1909 3439 1967 3522 vi-

721 3569 858 3669 derat,
903 3585 946 3648 vt
970 3566 1036 3674 qui
1061 3565 1130 3648 ille
1153 3561 1250 3648 esset
1274 3591 1428 3678 agger,
1462 3569 1669 3678 diligenter
1712 3567 1975 3676 explorarem·

719 3697 863 3790 dediise
887 3694 957 3776 sibi
976 3691 1201 3803 chalipham
1226 3695 1464 3802 praesidium
1492 3697 1777 3808 quinquaginta
1806 3701 1975 3806 equitum

718 3839 763 3914 et
776 3823 961 3938 quinque
976 3821 1105 3908 millia
1137 3822 1395 3925 denariorum
1423 3833 1468 3912 'et
1500 3849 1644 3912 munus
1675 3825 1969 3939 praeterendo-

1892 3978 1980 4050 (108

618 4290 625 4307 ,
836 4202 903 4321 (7)
924 4233 967 4318 p.
998 4201 1099 4302 118.
1127 4229 1232 4325 119.
1263 4204 1330 4328 (8)
1350 4209 1400 4300 Iu
1420 4204 1977 4300 GermanicuetGallicoiu-

722 4357 895 4446 terprete
913 4333 1270 4447 Iadsntz-madzutz
1291 4347 1369 4432 l.c.
1409 4342 1497 4460 (9.)
1539 4347 1603 4430 Ex
1637 4367 1718 4454 quo
1762 4343 1821 4426 iiii
1852 4339 1978 4429 fecere

579 4460 586 4536 Ῑ
720 4459 1112 4558 NauScbiruauadid
1151 4463 1355 4562 saltarum
1398 4471 1624 4566 Sazaarern
1663 4467 1976 4580 Schamaahaae,

721 4599 843 4692 indta
878 4585 1103 4707 Abuigaso'.
1254 4687 1258 4690 ,
1773 4583 1776 4594 ’
