4352 5962
754 479 851 606 ssa
922 472 1014 576 oa
1036 468 1266 572 norro
1297 465 1494 566 rrum
1518 468 1846 577 maroam,

752 693 899 778 donaeo
911 737 925 791 ‚
951 675 1471 796 Valesc0,‘1lrarautano‚
1494 670 1675 763 Hentico
1697 669 1956 792 Sampsonio,
1972 671 2011 770 ιζ

751 805 890 930 liisque
906 811 1141 901 observatae.

860 947 929 1036 Ex
944 941 1153 1056 proposita
1167 935 1330 1026 historia
1349 996 1361 1043 ,
1380 932 1540 1047 aliisque
1555 935 1820 1024 consimilibus
1840 939 2008 1024 amodo

744 1073 927 1182 allegatis
951 1073 1010 1159 rei
1024 1071 1196 1158 medicae
1223 1063 1489 1176 scriptoribus
1516 1065 1738 1176 perscriptis
1759 1067 1941 1179 primurn
1959 1095 2003 1154 o.

750 1206 902 1290 mnium
929 1198 1084 1285 constat
1113 1255 1126 1305 ‚
1156 1195 1262 1282 haud
1286 1193 1367 1280 effe
1383 1190 1576 1282 fabulam:
1594 1193 1798 1284 Homines
1810 1197 2008 1287 interdum

750 1331 1012 1440 mulieresque
1035 1325 1290 1439 praesertim,
1323 1346 1420 1434 quas
1443 1343 1578 1410 uterus
1594 1323 1734 1410 diutius
1751 1327 1854 1413 male
1872 1325 2003 1432 habet,

752 1458 804 1548 ab
833 1457 1136 1568 cuiusquemodi
1162 1453 1316 1570 generis
1339 1450 1440 1542 cibis
1470 1453 1756 1564 &potionibus
1782 1459 1824 1540 in
1849 1455 2006 1544 adversa

750 1587 977 1676 ualetudine
994 1584 1256 1691 abstinentes,
1279 1605 1365 1668 non
1382 1580 1484 1668 duos
1499 1584 1805 1691 tantummodo,
1825 1603 1907 1670 tres
1923 1589 2004 1698 plu·

751 1723 873 1803 resse
897 1714 1012 1821 dies,
1045 1710 1379 1824 quemadmodum
1405 1711 1595 1798 credebat
1618 1711 1917 1824 Hippocrates,
1934 1739 1998 1800 re-

752 1868 845 1936 rum
876 1843 1001 1933 etiam
1031 1842 1261 1953 complures
1290 1835 1442 1928 menses
1474 1865 1676 1952 annosque
1710 1842 1838 1956 vitam
1865 1844 2004 1932 ducere

749 1974 880 2087 posse.
945 1966 1047 2059 Hoc
1069 1970 1166 2060 illud
1193 1969 1338 2057 deinde
1362 1970 1593 2083 colligitur,
1612 1971 1756 2056 nostrae
1779 1995 1895 2079 aegrae
1911 1998 1997 2057 cor-

751 2129 825 2213 pus
852 2097 1020 2215 (mimm
1049 2097 1166 2214 didio)
1190 2123 1268 2214 pro
1296 2099 1451 2184 ratione
1483 2099 1741 2210 longitudinis
1769 2099 2002 2190 abstinentie

749 2228 1050 2340 haudquaquam
1068 2227 1148 2315 else
1167 2245 1377 2340 tenuatum
1402 2281 1415 2330 ‚
1444 2227 1553 2314 secus
1573 2254 1620 2313 ac
1639 2229 1681 2311 in
1698 2225 1836 2339 puellis
1855 2257 1877 2317 a
1894 2229 1997 2321 Cite-

751 2357 835 2462 fio,
864 2354 1147 2475 Quercetano‚
1162 2357 1205 2444 dt
1223 2351 1462 2465 Sampsonio
1479 2355 1699 2467 produslis,
1720 2359 1913 2471 inquibus
1929 2361 1998 2444 sla·

754 2485 917 2571 vescens
954 2485 1160 2570 abdomen
1191 2507 1284 2570 cum
1317 2482 1583 2571 arescentibus
1617 2487 1765 2574 inclusas
1798 2487 2004 2574 visceribus

750 2611 985 2726 longiffimo
1001 2612 1153 2700 ieiunio
1170 2631 1427 2698 extenuatum
1444 2614 1495 2698 ad
1511 2612 1668 2726 spinam
1688 2615 1895 2727 collapsum
1921 2616 2001 2702 ob-

752 2741 997 2838 servabatur.
1062 2739 1358 2830 Verumtamen
1382 2745 1431 2830 de
1456 2746 1605 2857 ulrgine
1632 2746 1803 2856 quadam
1817 2743 2002 2834 Patauina

754 2871 903 2956 nostrae
924 2869 1035 2982 quod
1050 2867 1102 2958 ad
1119 2872 1347 2958 abstinentiae
1366 2891 1551 2984 tempus,
1575 2873 1724 2986 aliaque
1742 2873 1880 2963 morbi
1896 2873 1997 2984 sym.

753 3016 945 3110 ptomata
962 3001 1111 3110 spediat
1122 3001 1227 3090 haud
1246 3002 1637 3090 multumadmodum
1650 3004 1819 3090 dissimili
1838 3025 1891 3090 ex
1904 3000 2001 3092 Ale·

750 3126 917 3214 utandro
932 3127 1135 3244 Vigontia
1162 3128 1328 3218 Medico
1345 3155 1506 3218 sanans
1530 3149 1622 3234 ante
1647 3133 1822 3222 laudatus
1831 3130 1998 3242 Lieetus,
2139 3170 2140 3185 Ν

754 3281 995 3370 nequaquam
1020 3256 1362 3360 cantabilem,
1378 3258 1445 3344 sed
1473 3260 1609 3347 vivido
1626 3261 1789 3366 colore,
1809 3263 1853 3348 δι
1868 3261 1994 3376 inspe»

752 3385 861 3472 ciem
874 3385 978 3472 sanae
998 3386 1162 3474 extitiss'e
1180 3389 1245 3476 ait
1308 3387 1495 3484 Venetus
1506 3387 1664 3510 Quarto
1672 3387 1997 3510 KalendasQutn
2138 3385 2139 3412 i

755 3513 838 3606 u'les
857 3535 1176 3606 ctataccxxrx

874 3761 968 3860 Vid.
990 3763 1168 3892 Hippon
1178 3767 1273 3863 Lib
1286 3765 1528 3864 deFIatibns
1534 3769 1694 3885 ,&.M
1709 3768 1753 3864 C.
1766 3769 1823 3864 N.
1844 3771 1890 3872 C,
1902 3755 2001 3866 De·
2136 3858 2137 3873 l

755 3919 843 3990 eur
856 3891 965 3996 LA
980 3897 1528 4008 maurmunster
1546 3903 1641 3994 de”
1611 3933 1683 4020 trs,
1699 3931 1765 4024 qus
1756 3904 2005 3996 'drusianae

742 4025 828 4143 fine
841 4051 878 4120 e
876 4025 1036 4161 imenso,
2135 4061 2136 4080 ‘

1488 4469 1641 4686 ’,
1820 4409 2014 4664 ὀὓ
