4376 5952
687 519 1008 646 PETRUS
1024 520 1066 640 Ι.
1109 510 1410 638 Rulsorum
1426 507 1770 685 ‘Imperator
1807 519 1943 648 cum
1999 597 2002 604 ’

334 845 336 848 ¹
528 729 638 860 per
660 696 844 812 varias
864 691 1135 854 Europae
1154 690 1424 848 regiones
1452 692 1603 831 iret,
1639 693 1699 810 in
1717 694 1942 852 quibus-
2015 715 2021 728 '

512 862 671 981 xda'rn
722 901 871 1022 vero
900 865 1083 978 etiarn
1103 851 1412 974 subsrsteret
1429 855 1675 1004 diutius,
1712 855 1794 982 ita
1820 867 1940 987 ubi·
2009 963 2011 970 .

530 1069 643 1192 que
675 1029 925 1150 versatus
943 1022 1054 1172 est,
1090 1047 1155 1144 ut
1181 1019 1459 1182 quidquid
1495 1064 1739 1185 usquam
1789 1041 1966 1200 opti-l
2110 1123 2121 1148 .

420 1303 424 1312 .
528 1239 693 1322 mum
715 1194 880 1341 esset,
917 1194 978 1315 id
995 1196 1193 1314 animo
1212 1194 1750 1356 comprehenderet
1769 1226 1941 1365 atque
2034 1309 2037 1316 ,

530 1377 590 1493 in
611 1372 828 1488 civium·
847 1365 1072 1486 suorum
1099 1359 1259 1480 usum
1285 1363 1681 1514 conservaret,
1704 1369 1940 1494 consilio

531 1535 832 1680 laudabili,
870 1532 1109 1658 successu
1129 1529 1494 1655 admirando:
1563 1535 1940 1702 InBritannia

532 1733 595 1830 et
611 1708 860 1866 ssetgto,
896 1744 1015 1824 non
1040 1701 1226 1824 modo
1253 1699 1504 1858 quae‘ad
1553 1701 1939 1862 instruendam

532 1875 794 2034 classem,
838 1872 1166 2034 bellumque
1200 1876 1401 1996 navale
1436 1869 1941 2006 administrandun

450 2183 453 2190 A
533 2050 928 2217 pertinerent,
963 2039 1183 2161 solicite
1199 2042 1502 2209 perspexit
1523 2075 1597 2161 ‘ac
1615 2050 1938 2196 tenuit,sed

532 2223 724 2386 prima
774 2216 864 2332 rei
918 2216 1187 2331 nauticae
1255 2209 1585 2332 rudimenta
1637 2235 1942 2380 artemque

464 2465 471 2480 ·
531 2423 706 2508 naves
723 2405 788 2506 et
805 2372 1162 2545 gubernandi
1180 2402 1245 2498 ot
1263 2375 1572 2502 extruendi
1588 2378 1824 2534 didicit,
1842 2373 1943 2511 ¹sed

366 2663 370 2672 .
533 2554 740 2678 didicit
792 2591 864 2672 ea
921 2547 1151 2674 solertia
1182 2589 1367 2712 eaque
1401 2549 1611 2672 laboris
1637 2559 1939 2720 patientia,

533 2763 683 2889 quae
699 2717 880 2844 fidem
898 2718 1049 2883 apud
1057 2719 1319 2885 posteros
1337 2711 1643 2887 superabit.
1709 2727 1773 2847 In
1791 2729 1940 2852 Ger·

536 2877 899 3022 maniahaud
917 2887 1090 3012 dubie
1120 2894 1422 3058 complura
1438 2888 1513 3011 ad
1538 2889 1696 3022 usum
1721 2896 1858 3018 belli
1875 2923 1941 3048 et
1985 2893 1989 2896 ’

533 3055 1013 3190 emendationem
1073 3056 1401 3227 disciplinae
1459 3063 1723 3185 militaris
1783 3069 1940 3190 utilia

537 3235 892 3389 observavit,
929 3266 1082 3392 quao
1098 3235 1157 3352 in
1175 3231 1427 3357 Rusfiam
1444 3235 1799 3359 transferret.
1876 3239 1939 3378 In

341 3492 345 3503 ·
441 3561 446 3572 ⁴
537 3410 727 3536 Gallia
749 3409 925 3568 copia
940 3439 1135 3567 rerum
1156 3428 1221 3524 et
1237 3404 1480 3567 ingenio
1490 3427 1664 3564 atque
1682 3403 1943 3526 hannani-

538 3602 663 3701 tate
680 3575 1001 3698 incolarum
1021 3578 1234 3694 mirum
1258 3577 1319 3692 r'n
1348 3571 1592 3692 modum
1618 3570 1942 3698 delectatus
2144 3567 2148 3576 ’

442 3805 445 3812 ·
539 3747 647 3907 est,
666 3742 1104 3866 occurrentibus
1131 3746 1313 3864 veluti
1344 3738 1581 3861 eruditis
1606 3763 1783 3901 atque
1798 3747 1941 3866 invi·

458 4071 460 4077 p
541 3959 679 4042 cem
702 3913 1086 4060 certantibus,
1130 3935 1196 4051 ut
1225 3911 1505 4034 bonarum
1541 3920 1750 4035 artium
1768 3910 1945 4038 studia

541 4089 769 4254 Hospiti
820 4081 1339 4206 commendarent:
1373 4077 1766 4202 Academiam
1795 4121 1941 4228 vero

473 4335 476 4346 ·
540 4254 863 4401 Paduam,
881 4249 1186 4425 perspedla
1202 4249 1466 4374 eius-dem
1494 4255 1745 4376 utilitate
1773 4253 1942 4374 meri·

602 4475 605 4482 ¹
1570 4536 1573 4544 ,
1630 4451 1639 4510 1
1751 4428 1941 4580 tisque
