4386 5980
745 485 888 624 4⁴16.
954 608 959 622 ι
1241 483 1327 587 DE
1356 481 1516 587 stret
1683 614 1686 618 Ι

743 668 998 790 superiorum
1011 675 1246 788 temporum
1267 673 1523 787 scriptoribus
1546 673 1770 788 acceperit,
1789 675 2007 800 nihilcom·

746 811 880 920 peudii
897 837 948 923 ex
966 809 1051 894 eius
1067 807 1302 908 testimonio
1327 808 1449 896 facio,
1513 801 1517 808 ’
1536 800 1684 916 Sequar
1709 806 1826 913 igitur
1852 829 2013 896 natiuae

748 942 860 1054 quast
874 940 1075 1043 ordinem,
1093 961 1140 1023 ac
1159 935 1307 1048 positus
1325 937 1574 1047 populorum
1597 961 1651 1020 ex
1671 931 1904 1036 Herodoto
1918 939 2013 1023 defi·

749 1068 1203 1174 niam‚confirmuturus
1221 1067 1456 1173 opinionem
1480 1089 1615 1152 meam
1630 1065 1782 1152 idoneis
1803 1055 2012 1180 argumen-

749 1202 799 1280 tis
826 1263 838 1304 ,
870 1196 942 1282 vbi
966 1221 1070 1305 opus
1097 1191 1174 1280 elle
1196 1193 1418 1286 ridebitur.
1481 1191 1569 1282 lam
1600 1193 1651 1279 ab
1675 1191 1795 1303 IstrO,
1820 1197 2011 1286 inlittore

747 1323 868 1411 Ponti
884 1323 1046 1411 Tiritae
1066 1343 1279 1410 occurrunt
1294 1326 1401 1408 iuxta
1415 1321 1513 1408 ostia
1524 1322 1673 1426 Tuae,
1701 1323 1776 1410 rbi
1793 1323 2010 1413 nuncBiel-
2044 1415 2046 1424 ,

645 1559 649 1568 ,
747 1455 969 1560 logtodum
985 1476 1025 1538 et
1043 1451 1221 1552 Butzialti
1240 1453 1389 1563 populi.
1456 1453 1756 1541 Mediterranea
1773 1450 2011 1564 ScythaeA-
2056 1503 2062 1510 ·

687 1640 688 1644 κ
748 1603 902 1682 ratores
917 1604 1113 1670 tenuerea
1132 1585 1255 1670 fluuio
1272 1580 1476 1688 Tiaranto
1493 1599 1618 1696 usque
1636 1584 1686 1667 ad
1710 1582 1861 1672 Tiram
1880 1642 1895 1694 ‚
1914 1610 2009 1692 quos

746 1713 893 1800 fluuios
918 1712 1149 1801 Herodotus
1170 1712 1324 1796 idcirco
1346 1707 1536 1822 Scythiae
1568 1715 1855 1804 annumeratrit.
1917 1711 2001 1798 Te-

747 1867 870 1929 nuere
886 1846 1004 1957 igitur
1022 1841 1292 1951 valachiam,
1311 1833 1564 1928 Moldauiam
1584 1861 1624 1927 et
1637 1845 1827 1955 exiguum
1844 1841 2006 1929 traiitun

589 2058 591 2067 ,
745 1967 1065 2083 Transyluauiae
1127 1973 1258 2086 Magis
1284 1970 1335 2056 ad
1358 1973 1612 2056 occidentem
1637 1991 1749 2057 erant
1770 1967 2005 2082 Agathyrfi,

747 2127 847 2216 gens
863 2123 903 2190 et
919 2104 999 2213 ipsa
1014 2130 1036 2188 a
1052 2094 1210 2213 Scythis
1227 2097 1423 2212 prosecta,
1457 2102 1562 2187 rltra
1582 2102 1721 2189 Maria
1740 2103 1913 2209 fluuium,
1932 2099 2005 2186 hoc

746 2233 805 2316 est
822 2234 863 2315 iu
880 2231 1024 2319 Trans
1015 2233 1164 2340 yluania
1181 2227 1433 2316 occidentali.
1494 2229 1767 2344 Transgreilrs
1784 2229 1943 2335 Tiram,
1959 2231 2003 2316 ad

744 2361 851 2448 litnas
880 2358 1101 2474 Callipidae
1127 2382 1170 2447 et
1201 2361 1312 2472 firpra
1338 2387 1411 2444 eos
1439 2349 1649 2446 Alazones
1681 2414 1695 2466 ‚
1735 2360 1894 2470 utrique
1907 2363 2004 2448 intra
2155 2435 2156 2484 3

747 2486 896 2576 Tiram
925 2507 967 2574 et
998 2487 1221 2599 Hypanim.
1285 2485 1517 2577 Alazonum
1536 2492 1626 2576 satus
1646 2490 1879 2576 certioribus
1896 2492 2006 2585 noris
2155 2501 2156 2508 ‘

666 2625 668 2632 ’
750 2617 1005 2728 intelligitur,
1029 2643 1148 2728 quam
1172 2617 1474 2730 Callipidarum.
1547 2614 1666 2708 Nam
1684 2639 1804 2704 mater
1818 2613 2007 2729 Hypanis

747 2749 959 2834 secundum
976 2745 1232 2838 Herodotum
1261 2748 1442 2834 discernit
1467 2745 1676 2836 Alazones
1702 2777 1724 2834 a
1748 2745 1934 2857 Scythis:
1956 2747 2004 2834 ad
2155 2793 2156 2814 r

748 2878 965 2982 orientem,
983 2872 1226 2964 Alazonum
1254 2870 1458 3002 fineaisunt
1484 2883 1690 2992 eregione
1710 2873 2002 2990 Amaxampet.

747 3005 1003 3118 Relinquitur
1024 3030 1127 3094 nunc
1152 3013 1269 3120 regio
1297 3010 1347 3094 ad
1365 3035 1476 3094 mare
1514 3037 1636 3120 vsque
1670 3006 1882 3117 Callipidis
1903 3009 2003 3094 iatri

749 3132 988 3242 Olbitas,rt
1008 3130 1359 3225 Halicarnassenlis
1377 3134 1519 3232 habet.x
1578 3135 1749 3225 Olbitae
1775 3138 1917 3248 populi
1938 3125 2002 3225 r'rri
2155 3153 2156 3196 ³

746 3257 787 3350 a*
818 3269 998 3352 intarta
1007 3262 1133 3380 stupra
1152 3263 1369 3382 Hypanim,
1388 3261 1596 3353 Alazones
1609 3295 1725 3386 trapa
1741 3259 1818 3352 ahu
1843 3273 2003 3356 Υπανιν
2155 3301 2156 3310 ¹

634 3369 646 3506 f
747 3393 803 3478 ad
817 3390 1201 3512 Hypanim,vtrique
1221 3397 1272 3482 ad
1290 3399 1551 3484 occidentem
1564 3393 1711 3486 Olbiae
1730 3396 1872 3503 vrbis,
1899 3393 1999 3512 Ala7

746 3547 868 3609 zones
887 3548 1021 3608 tamen
1043 3522 1288 3612 borealioree
1306 3525 1522 3639 Callipidis.
1593 3526 1708 3632 Ergo
1735 3521 1944 3610 Alazones
1967 3525 2006 3610 in
2155 3551 2156 3558 ¹

649 3699 658 3706 ·
747 3655 981 3763 palatinatus
998 3651 1187 3744 Podoliae
1200 3657 1449 3746 meridionali
1466 3674 1582 3768 parte
1604 3656 1654 3738 ad
1671 3653 1951 3742 Caminiecum
1968 3677 2008 3742 et

748 3783 791 3868 in
811 3781 1103 3888 Braclauienii,
1139 3811 1214 3896 qua
1239 3787 1340 3872 inter
1357 3786 1522 3898 Bogum
1547 3805 1588 3870 et
1602 3783 1804 3873 Nistemm
1821 3785 2004 3895 porrigi-

748 3927 843 4014 tur,
863 3909 1081 4020 Callipidae
1093 3938 1195 3998 aero
1208 3916 1245 3998 iu
1263 3917 1443 4003 orientali
1462 3915 1797 4001 Braclauiensrum
1813 3913 1940 3995 tractu
1969 3925 2013 4000 ‘et

415 4082 418 4087 ·
565 4121 598 4162 ‚¹
713 4041 790 4124 ,in
808 4033 1205 4156 Ozacouiensragross·
1269 4041 1380 4130 lutra
1406 4043 1622 4153 Hypanim
1648 4065 1691 4128 et
1711 4039 2010 4146 Borysthenem

746 4165 915 4260 Olbitae
932 4163 1090 4256 Graeca
1108 4174 1297 4274 colonia,
1328 4174 1396 4259 rbi
1417 4198 1520 4258 nunc
1537 4168 1672 4256 Dzilre
1688 4168 1775 4257 Pale
1792 4175 1929 4282 campi
1949 4171 2014 4256 de·

747 4296 837 4381 serti
865 4320 907 4381 et
928 4293 1211 4386 Oeacouiensrs
1235 4301 1320 4410 agri
1338 4305 1464 4412 aliqua
1482 4327 1574 4412 pars
1592 4301 1664 4391 est.
1729 4299 1941 4388 Vlteriora
1955 4305 2013 4388 in·

578 4531 581 4538 ἢ
747 4424 928 4514 sederant
948 4420 1127 4542 Scythae
1144 4426 1351 4550 Αςοτῆςες
1368 4425 1600 4545 Aratoret,
1635 4429 1796 4547 cognati
1824 4421 2009 4541 Scythis,

1826 4586 2014 4678 ..auos
