4376 5952
220 567 453 736 scentes,
465 569 592 712 imo,
617 594 681 686 nt
700 571 903 688 reatins
922 564 1215 737 loquenda
1225 575 1508 694 inventare
1519 569 1649 702 Tan
1817 689 1821 694 ‚
2015 597 2017 603 ·
2175 555 2179 572 ἵ

240 768 495 861 mataras
547 739 817 856 aernimat
869 765 1131 901 aptasqne
1182 731 1259 866 ad
1297 736 1650 900 perficienda
1813 848 1818 857 .

236 912 606 1070 omnia,qnae
635 907 890 1026 Petraia
925 900 1133 1024 melam
1174 936 1387 1070 recepto
1429 907 1651 1030 Divina

237 1041 602 1198 Providentia
624 1067 758 1190 Tibi
784 1069 1109 1228 reservavit.
1338 1080 1342 1104 '

201 1293 264 1380 M
368 1244 529 1364 inter
543 1235 769 1360 nltimas
786 1243 1003 1402 Magni
1021 1236 1168 1360 illins
1187 1239 1645 1406 imperatorisaa-
1782 1369 1786 1379 ,

239 1453 336 1534 ras
354 1449 459 1530 nan
476 1411 760 1530 minimam
771 1403 945 1568 fnisse
963 1409 1193 1570 tenestem,
1227 1451 1389 1576 qnam
1413 1408 1476 1540 de
1496 1413 1644 1536 Aea-
1689 1403 1692 1414 ’
1826 1523 1829 1528 .
1982 1519 1987 1528 .

239 1571 831 1743 demiaPetropabitana
830 1565 1174 1742 fieseeperat‚·
1184 1616 1350 1744 nepae
1369 1582 1645 1738 arbitror,-

236 1743 553 1876 nllnmbnie
575 1742 910 1866 Academiae
935 1741 1426 1903 honorificentias,
1448 1779 1550 1870 ant
1580 1746 1644 1872 de
1688 1761 1692 1768 ’

235 1915 474 2038 einsdem
503 1909 752 2035 militate
781 1919 985 2036 tertias
1011 1914 1375 2075 testimoniam
1404 1916 1642 2080 prodmi

221 2085 413 2252 posse,
482 2081 612 2220 nam
632 2077 780 2246 qaod
800 2075 917 2200 dine·
944 2085 1105 2205 Petri
1134 2073 1470 2204 anctoritate
1501 2120 1642 2249 par·

109 2399 116 2412 ,
232 2258 342 2373 tim
367 2257 427 2372 in
446 2123 785 2402 biermaaim
810 2255 1033 2412 partim
1059 2255 1119 2370 in
1138 2242 1333 2370 Gallia
1366 2250 1658 2422 Italiaqne'
1785 2375 1788 2389 ,

231 2451 352 2545 tam
361 2489 369 2502 ,
371 2414 622 2578 delinita,
644 2427 778 2556 'tam
805 2413 1140 2578 attestantem
1175 2425 1449 2587 tantisqae
1467 2453 1640 2588 prae·

233 2593 360 2711 miis
371 2583 719 2752 prapofitis,
752 2587 908 2738 viri,
945 2590 1038 2754 qai
1075 2585 1202 2708 baie
1229 2593 1444 2752 negatio
1463 2619 1638 2755 pares

232 2754 630 2910 credebantur,
681 2753 1155 2919 eartqnifltisnn't‚
1190 2797 1419 2922 qaarnm
1440 2755 1638 2916 stadia

232 2920 442 3046 labores
463 2965 525 3044 aa
543 2915 801 3086 vigiliae,
837 2917 957 3044 enm
983 2920 1060 3042 ad
1088 2928 1233 3050 rives
1262 2921 1413 3046 Tam
1446 3022 1464 3082 ‚
1500 2927 1639 3049 AV-

234 3083 534 3248 GVSOE,
568 3094 847 3256 imprimis
864 3095 1192 3257 pertineam
1209 3190 1228 3249 ,
1263 3134 1319 3211 eo
1346 3098 1521 3216 attans
1539 3095 1661 3219 baa·

221 3266 477 3428 primnm
511 3259 747 3418 satorem
798 3259 1338 3382 Commentariorum
1387 3260 1644 3386 velamen.

232 3427 368 3551 Tibi
385 3432 553 3552 Patri
578 3430 815 3550 Patriae
841 3420 1042 3586 afferre
1072 3427 1324 3547 dabiram
1342 3426 1637 3552 Academi-

230 3603 328 3754 ei,
363 3591 502 3765 qaod
533 3596 655 3714 avt
692 3589 807 3710 Tni
824 3593 1070 3757 ardpieiis
1094 3593 1442 3759 iampridem
1459 3598 1639 3718 imbo-

229 3797 414 3919 atnm,
458 3759 578 3882 Tan
596 3741 733 3883 nane
752 3756 963 3882 demam
989 3761 1132 3922 iasfia
1160 3801 1223 3882 aa
1259 3753 1636 3926 munificentia
1772 3869 1777 3878 .
1945 3831 1948 3841 ·

227 3929 765 4101 inpabbieamlaeem
776 3925 995 4091 prodit
1246 4075 1251 4082 Ι

361 4105 426 4227 H
429 4105 476 4220 is
487 4098 607 4258 fiais
617 4173 621 4180 ·
620 4096 1008 4262 speciminibus
1019 4136 1120 4239 nan
1131 4093 1425 4260 infeliciter
1425 4103 1487 4265 se
1506 4107 1630 4224 imi-

230 4283 372 4391 tatos'
414 4294 624 4433 patant
644 4267 934 4394 Saeietatis
953 4265 1249 4428 Parissnae
1281 4262 1629 4437 abiaramqae

227 4433 586 4598 industriam,
620 4431 1626 4601 qnarnminditiaetexemplasetnen-
1747 4501 1751 4508 ·

227 4633 331 4725 tar
368 4602 626 4758 adaerfias
646 4599 873 4728 illatam
909 4600 1419 4768 reprebenfianem‚,
1442 4610 1536 4771 qni
1564 4649 1626 4726 a·

225 4771 511 4935 ratissima
546 4776 607 4892 in
642 4767 872 4931 ijflra
905 4799 959 4889 et
993 4767 1256 4930 Matbefl
1274 4769 1625 4936 problemata

907 4935 1036 5130 )(3
1508 4983 1627 5071 aa
