4376 5952
500 521 879 687 contensiosos,
923 523 1032 690 nisi
1068 522 1207 651 illiso
1247 569 1283 648 u
1305 567 1367 648 us
1403 565 1591 650 eornno
1619 521 1820 698 aliquis
1846 529 1908 653 in

501 700 838 828 Meehauion
838 695 1096 862 similive
1114 728 1240 819 arte
1260 695 1602 860 ostendatur:
1639 715 1912 868 tanquam

481 868 804 1033 floognitio
839 873 1146 1020 ueritatis,
1182 905 1320 1034 quoe
1346 863 1464 1033 ipso
1482 863 1664 1032 perse
1682 873 1743 990 in
1759 874 1905 993 orani
1983 947 1987 968 ·
2024 1021 2031 1028 ¹

503 1030 1335 1202 doetrinosopieutenodelectat
1351 1031 1539 1196 ,stoliros
1557 1029 1697 1176 lueri
1713 1133 1731 1195 ,
1765 1039 1908 1206 quod

501 1205 626 1329 inde
644 1212 842 1376 qssoeri
853 1203 1029 1370 potest
1047 1301 1065 1363 ,
1100 1202 1480 1366 magnitudine
1507 1203 1779 1326 metienda
1792 1201 1902 1368 sit,
2014 1235 2017 1242 ’

500 1419 619 1498 eroon
642 1408 828 1497 tannen
855 1371 1073 1495 utilitas
1103 1365 1475 1532 Geometriae·
1493 1361 1813 1536 difficilioris
1839 1380 1904 1503 il·

501 1545 611 1668 lins
643 1575 804 1712 arqsso
849 1548 1078 1664 iotintne
1115 1638 1133 1697 ‚
1169 1546 1338 1663 etiarn
1380 1548 1439 1663 in
1464 1539 1795 1709 quotidianis
1816 1591 1905 1672 re-

503 1713 598 1852 bus
620 1717 808 1875 ingens
838 1708 1313 1873 deprehendatur,
1347 1718 1433 1834 uti
1459 1754 1531 1832 ex
1552 1715 1654 1866 iis,
1689 1719 1903 1880 qrrnedo

501 1901 626 2005 arte
639 1879 965 2043 navigandi,
991 1880 1053 2001 de
1088 1885 1351 2045 temporis
1374 1887 1433 2002 iu
1465 1876 1715 2048 aequales
1758 1893 1905 2010 ortt

500 2048 641 2178 onlos
663 2103 666 2119 ¹
692 2047 1003 2208 divisione,
1040 2047 1103 2170 de
1142 2052 1291 2171 iaetu
1329 2045 1593 2205 telorum,
1616 2045 1902 2222 propaga
1982 2087 1985 2092 ’

505 2226 650 2342 tione
669 2217 795 2378 sttui
827 2245 990 2386 atque
1025 2215 1242 2338 loroninis
1269 2214 1497 2386 aliisque
1526 2259 1688 2386 quoru
1716 2221 1904 2386 pluri·
1952 2234 1955 2243 ’

501 2395 605 2512 ntis
630 2383 991 2553 problematis
1021 2383 1902 2551 deonorfiratosuerunt„corostnt

502 2561 806 2684 Praeterea
827 2542 1079 2716 fiderunt
1097 2552 1390 2713 seientiam
1433 2551 1744 2716 Astrooorai
1781 2590 1903 2683 tuno

503 2718 780 2893 Petropoli
808 2720 1021 2882 solunt,
1068 2752 1189 2844 tuno
1224 2721 1299 2844 ad
1330 2729 1607 2881 extimos,
1641 2766 1780 2893 qnae
1800 2737 1902 2852 ins·

494 2899 659 3068 perio
681 2889 803 3023 Tuo
829 2921 1054 3058 parent,
1086 2887 1474 3059 septentrionis
1514 2931 1636 3016 oros
1664 2923 1796 3017 troo
1817 2929 1904 3018 tu-

169 3031 171 3039 ⁴
335 3143 338 3148 -
504 3058 731 3216 lenient,
765 3089 830 3180 nt
858 3067 1045 3208 inusta
1079 3066 1138 3180 in
1169 3089 1288 3182 tou
1330 3055 1566 3222 diversis
1587 3061 1710 3185 locis
1737 3101 1903 3230 opero

219 3273 223 3282 ·
352 3317 382 3340 κ,
508 3231 1054 3516 οὸρνυαῑὶοηεὲἷβιας
1094 3223 1171 3348 ad
1210 3234 1599 3353 incrementum
1646 3231 1930 3396 Astrono

503 3404 648 3520 raiae
674 3428 837 3565 atque
927 3393 1260 3563 eogruphiae
1287 3393 1617 3560 conferrent·
1714 3404 1903 3554 Eruost

504 3561 723 3733 donique
748 3573 808 3685 in
839 3570 929 3709 iis,
965 3607 1101 3732 quoe
1142 3561 1221 3684 ad
1258 3566 1569 3689 Anatonsen
1607 3597 1662 3688 et
1687 3573 1752 3694 H
1754 3613 1905 3694 nono-

353 3767 357 3772 ·
505 3729 1239 3899 nitatisstndiapertioent,
1274 3735 1416 3857 naua
1442 3771 1761 3904 nonpanea,
1809 3782 1902 3868 nes

506 3909 693 4074 aeqrsis
716 3898 1324 4068 iudicibusspernenda.

649 4069 969 4192 Academici
994 4111 1127 4210 nero
1148 4068 1554 4232 existimarunt,
1583 4073 1773 4234 senon
1802 4119 1907 4197 nse-

507 4236 610 4362 lius
633 4237 697 4360 de
723 4239 930 4360 civibus
949 4234 1111 4382 Tuis,
1149 4239 1339 4406 quibus
1359 4238 1672 4370 erudiendis
1682 4239 1905 4407 praest-
1965 4231 1969 4238 ¹

506 4409 745 4570 etifiont,
780 4413 989 4529 mereri
1005 4403 1170 4574 posse,
1206 4448 1369 4573 qsraon
1389 4395 1435 4548 di
1458 4449 1694 4530 aurorem
1711 4453 1906 4534 earnns
1994 4494 1999 4500 -

508 4576 1278 4743 ortissu,qroarunoseientiono
1304 4561 1403 4740 ipsi
1421 4567 1788 4752 ordirentur,
1804 4579 1903 4702 Ti-

507 4747 561 4870 bi
588 4787 624 4866 a
652 4749 861 4882 teneris
883 4740 1335 4891 sononrendarent,
1372 4743 1584 4914 qssossdo
1619 4747 1694 4866 ad
1732 4751 1906 4910 inope·

1717 4947 1909 5038 rasoris
