4376 5952
581 490 597 515 ’
695 527 821 658 ,a
1001 545 1153 640 oe
1203 483 1574 644 mausona

693 815 850 908 porum
866 787 999 877 forent
1014 803 1060 873 ut
1077 789 1309 900 quantitates
1323 805 1456 872 motus
1470 781 1537 870 seu
1552 787 1743 896 impetus,
1757 809 1839 874 uon
1849 815 1952 900 ergo

694 927 822 1038 liquot
840 947 909 1006 cut
926 922 990 1006 hae
1008 916 1101 1031 ipsae
1120 921 1227 1004 vites
1253 918 1425 1002 debeant
1437 915 1519 1002 elle
1544 937 1587 1002 ut
1610 915 1714 1004 faeta
1741 943 1793 1004 ex
1823 925 1953 1014 maffia

695 1074 926 1170 corporum
941 1056 983 1136 in
1000 1051 1191 1162 quadrata
1205 1050 1480 1152 celeritattun,
1497 1065 1541 1131 ut
1553 1047 1782 1134 Leibnitius
1793 1049 1952 1153 docuit,
2085 1077 2087 1082 ·

733 1279 737 1296 ,
815 1179 859 1274 8·
895 1177 1000 1270 Non
1017 1207 1211 1294 negamus
1227 1178 1448 1292 speciosum
1466 1174 1546 1262 else
1558 1180 1953 1294 hoc'atgumentum,

696 1312 765 1400 sed
782 1313 911 1398 nihilo
927 1329 1064 1396 tamen
1082 1313 1214 1399 uerius
1232 1310 1329 1398 illud
1346 1311 1602 1402 arbitramur.
1665 1306 1767 1397 Non
1793 1305 1948 1401 inlicia-

697 1467 805 1545 mut,
820 1436 1150 1557 quodcausaefint
1176 1439 1321 1554 offellis
1331 1435 1416 1554 suis
1436 1437 1758 1554 proportionales,
1782 1442 1823 1526 id
1842 1447 1957 1536 enim

695 1577 807 1664 reste
824 1573 1126 1658 intellectum&
1146 1571 1328 1684 legitime
1353 1575 1601 1684 applicatum
1621 1595 1707 1656 non
1730 1573 1859 1657 modo
1879 1603 1951 1662 ne-

700 1709 791 1822 gari
806 1729 892 1788 non
914 1702 1072 1813 potest,
1092 1701 1158 1786 sed
1176 1701 1260 1813 ipse
1276 1705 1398 1790 etiam
1422 1700 1644 1788 Leibnitius
1668 1700 1843 1789 admittit
1866 1705 1957 1794 aliis

696 1835 953 1936 verbis,cum
963 1831 1094 1914 statuit
1103 1829 1356 1918 inviolabilem
1367 1831 1958 1947 efflaequalitatemintercattltm

564 2081 568 2088 .
693 1963 842 2080 plenam
861 1967 902 2048 &
925 1955 1092 2070 efflant
1109 1963 1324 2073 integrum:
1362 1963 1501 2073 reapse
1524 1965 1635 2048 enim
1664 1961 1776 2048 causa
1800 1985 1961 2054 eatenus
2102 2055 2106 2065 ,

585 2135 611 2174 ·.
701 2092 912 2196 causaest,
934 2109 1130 2202 quatenus
1144 2088 1337 2178 effedltun
1351 2092 1466 2178 suum'
1478 2092 1580 2194 edit,
1609 2093 1716 2178 adeo
1739 2114 1784 2177 ut
1806 2094 1876 2178 hic
1896 2093 1957 2180 ef-

700 2223 823 2311 fedlus
835 2223 877 2306 ἀ
894 2218 1008 2304 causa
1021 2247 1109 2329 quae
1119 2221 1249 2326 ipsum
1258 2222 1387 2306 edidit
1405 2222 1709 2330 aequipolleant,
1725 2225 1831 2332 quod
1846 2225 1955 2312 stell:

703 2381 784 2466 qua
799 2355 959 2439 ratione
976 2347 1088 2432 caula
1102 2374 1223 2458 agens
1239 2367 1405 2458 augetur
1424 2346 1493 2430 uel
1513 2349 1723 2456 minuitur,
1752 2353 1793 2432 in
1817 2353 1963 2438 eadem

704 2487 859 2570 ratione
884 2477 1095 2594 augebitur
1133 2503 1294 2589 quoque
1307 2475 1375 2568 ,uel
1403 2475 1602 2560 minuetur
1627 2473 1810 2566 effeetus.
1880 2475 1965 2566 Sed

704 2637 897 2726 negamus
913 2608 1025 2723 quod
1051 2627 1187 2697 motus
1214 2602 1405 2724 corporis
1421 2605 1485 2689 seu
1509 2607 1680 2715 impetus
1694 2609 1966 2716 quatenushie

705 2745 918 2854 exponitur
950 2766 1025 2852 per
1042 2739 1144 2824 fadla
1174 2763 1229 2824 ex
1250 2735 1374 2822 maiia
1393 2739 1433 2821 in
1451 2735 1699 2822 celeriae'm
1720 2759 1963 2849 corporum,

703 2875 865 2987 integer
881 2876 922 2958 ὃν.
941 2871 1165 2980 adaequatus
1180 2871 1235 2953 .s1t
1260 2867 1426 2953 effeetus
1448 2871 1636 2978 potentie
1666 2869 1853 2978 agentis,
1893 2853 1966 2958 'sed

705 3007 841 3116 potius
859 3002 1079 3088 altitudines
1098 2997 1162 3082 seu
1177 2997 1300 3109 spatia
1323 3024 1397 3108 per
1419 3024 1508 3109 quae
1534 3021 1716 3108 corpora
1754 2998 1966 3086 ascendere

701 3132 889 3248 potsunt,
911 3127 1140 3230 ali'umenda
1159 3128 1280 3215 elsent
1306 3154 1385 3240 pro
1411 3127 1594 3212 mensura
1617 3124 1836 3232 effectuum
1861 3157 1966 3244 quos

601 3335 608 3352 .
707 3266 898 3378 potentiae
922 3265 963 3346 in
986 3261 1075 3345 haec
1104 3285 1283 3369 corpora
1316 3278 1475 3366 agentes
1504 3259 1627 3344 edere
1652 3256 1839 3368 potsunt,
1890 3287 1967 3346 nec

706 3396 833 3498 euim,
846 3391 910 3476 uel
930 3389 1016 3500 ipso
1026 3381 1354 3502 Cartefiojudice,
1366 3387 1455 3474 haec
1466 3387 1690 3502 spatiatum
1702 3390 1967 3477 celeritatibus

710 3546 775 3612 aut
790 3523 1046 3632 temporibus
1069 3515 1154 3603 sunt
1185 3517 1484 3615 confundenda,
1574 3519 1812 3607 Celeritates
1858 3525 1966 3607 enim

707 3653 793 3738 sunt
807 3672 960 3736 tantum
984 3649 1091 3732 entia
1114 3647 1271 3734 modalia
1295 3653 1336 3735 ἃ
1357 3651 1606 3760 incompleta,
1635 3651 1744 3733 secus
1775 3677 1823 3736 ac
1847 3656 1967 3761 ipatia

710 3809 798 3896 quae
824 3803 1004 3889 corpora
1039 3773 1290 3860 ascendendo
1323 3779 1551 3862 conficiunt.
1581 3777 1658 3864 Ad
1674 3775 1757 3864 hoc
1774 3801 1967 3895 praeterea

710 3911 888 4014 accedit,
909 3907 1020 4019 quod
1045 3903 1208 3992 effeetus
1235 3932 1312 4018 per
1340 3911 1572 4020 quantitates
1600 3929 1735 3994 motus
1763 3913 1962 4021 expositi,

704 4055 810 4130 ¹uon'
829 4041 901 4126 sant
919 4063 1088 4148 capaces
1110 4035 1307 4124 mensurae
1329 4059 1542 4132 accurate.
1640 4030 1824 4126 Geuuina
1858 4042 1968 4127 enim

701 4169 969 4264 ,mensurandi
984 4169 1051 4252 lex
1068 4167 1228 4278 poscit,
1251 4190 1294 4253 ut
1308 4169 1349 4252 id
1359 4169 1528 4281 praecise
1539 4225 1552 4275 ‚
1565 4170 1675 4282 qn'od
1691 4195 1770 4280 pro
1786 4169 1969 4261 mensura

715 4301 959 4403 affumimus,
979 4297 1101 4382 semel
1120 4299 1188 4382 vel
1212 4301 1361 4410 pluries
1385 4301 1632 4384 contineatur
1651 4302 1716 4384 vel
1745 4297 1968 4412 teplic'etut

714 4433 757 4517 in
771 4430 895 4515 rebus
921 4428 1214 4532 mensurandis,
1242 4430 1284 4513 id
1306 4449 1438 4514 autem
1464 4431 1775 4541 ineotporibus
1804 4433 1970 4520 diversis

714 4559 988 4652 xceleritatibus
1010 4558 1097 4643 latis
1123 4560 1324 4644 evidenter
1349 4585 1431 4644 non
1454 4559 1642 4672 obtinet,
1672 4562 1743 4648 etfi
1768 4563 1880 4658 enim
1900 4560 1968 4677 (ut

632 4765 635 4772 ,
715 4693 909 4818 etemplo
925 4685 1189 4776 Leibuitiano
1203 4685 1314 4807 utar)
1335 4693 1412 4777 tria
1424 4715 1606 4806 corpora
1624 4693 1973 4806 equaliaoaequi.

953 4857 957 4868 “
1626 4853 1665 4874 ”
1722 4873 1753 4978 '
1810 4821 1974 4911 'VdOClfi
