4352 5962
685 481 977 594 Romu
1047 463 1051 468 ’
1168 549 1182 564 -
1396 494 1492 632 ’ςςς

299 737 547 855 tingrnrnntr,
564 733 710 828 locum
724 737 767 828 δι
780 736 957 854 figuram
971 736 1079 830 fitam
1095 751 1308 855 rutparunr
1318 757 1384 832 aut
1397 741 1494 836 nihii

297 887 464 962 mutent.
1148 915 1154 922 -

360 1017 401 1116 5.
468 994 587 1088 Dum
601 998 898 1106 accendimur,
922 996 1072 1085 tamdiu
1088 993 1171 1084 fere
1194 997 1370 1088 accensae
1400 1027 1488 1092 rna.
1641 1063 1645 1068 .

296 1151 394 1218 nere
405 1125 532 1214 solent
548 1153 596 1214 ac
610 1130 738 1243 virgae
756 1130 901 1242 prioris
917 1125 1062 1238 speciei
1080 1124 1247 1242 durant(
1262 1121 1494 1251 §.pn-15.)

339 1253 383 1342 6.
445 1250 673 1348 Nubecuiae
682 1285 769 1372 quac
786 1258 973 1346 avertice
986 1275 1155 1344 remotae
1173 1253 1258 1342 sunt
1272 1259 1495 1370 proiicinnt

292 1385 498 1474 interdtnn
514 1387 908 1501 virgaslucidas‚sed
918 1387 1061 1474 breves
1074 1391 1116 1474 δι
1132 1387 1316 1498 graciles:
1332 1389 1486 1478 eobre-

297 1517 437 1603 viores
448 1515 611 1626 quidem
629 1537 710 1625 quo
726 1519 947 1624 propiores
966 1513 1051 1598 firnt
1068 1515 1233 1636 certici.

322 1661 394 1753 -7.
456 1643 524 1732 Ex
539 1643 731 1731 relatione
746 1639 920 1728 aliorum
937 1637 1095 1746 liabeo,
1121 1638 1233 1751 quod
1246 1639 1382 1731 luctrlis
1399 1647 1485 1735 tali.

291 1770 534 1884 bosiulgura
550 1771 792 1882 quandoque
808 1765 1143 1877 interspergantor
1159 1767 1350 1863 coeruiea.

335 1894 383 1988 8.
448 1893 571 1983 Hanc
589 1898 688 1985 lucis
701 1897 879 1982 borealis
894 1893 1068 2004 speciem
1081 1916 1176 1980 raro
1194 1891 1483 1985 observaviso.'

289 2025 396 2131 iarn‘,
429 2023 534 2110 socia
549 2025 634 2115 fere
661 2023 817 2138 semper
846 2024 967 2110 adiit
991 2019 1287 2132 prima-species
1300 2027 1405 2138 prius
1420 2053 1483 2118 rc-

249 2266 253 2277 ,
293 2151 463 2259 censrta;
485 2179 561 2242 una
577 2155 742 2242 aiteram
759 2172 827 2240 aut
843 2151 1035 2266 precedit
1051 2147 1313 2264 nutsequitur.

235 2373 237 2378 .
350 2305 395 2398 9.
456 2282 548 2370 Lux
572 2283 860 2372 nubecularum
882 2279 1026 2371 harum
1058 2297 1169 2366 tanta
1183 2282 1253 2402 est
1287 2306 1486 2398 nunquam

286 2429 429 2526 quanta
449 2415 658 2536 arcuseffe
674 2403 847 2524 solerii.
868 2430 916 2532 4.
937 2437 977 2502 n.
995 2404 1051 2521 ι.)

345 2562 405 2629 ιο.
466 2540 560 2629 Lux
580 2541 816 2630 haectersus
833 2541 1085 2628 horizontem
1108 2534 1212 2650 saepe
1234 2536 1401 2630 satunor
1426 2545 1485 2634 est

285 2693 406 2785 quarn
427 2671 469 2756 in
485 2675 662 2778 vertice,
687 2674 745 2760 ita
777 2687 822 2756 nt
856 2669 1055 2756 interdum
1094 2667 1262 2754 horizon
1295 2671 1484 2784 undiqna.

280 2823 361 2914 que
389 2800 628 2912 splendeat,
655 2820 712 2890 eo
741 2795 828 2886 fere
848 2799 977 2885 modo
1004 2813 1048 2880 ut
1070 2815 1185 2880 arcus
1212 2794 1361 2886 boreus
1383 2800 1481 2914 ipse.

221 3180 252 3268 s
338 2951 420 3149 iii
482 3058 658 3177 Utrique
678 3055 819 3176 speciei
846 3047 1074 3145 communia
1101 3049 1367 3167 phaenomena
1393 3051 1481 3148 sunt

239 3185 429 3297 equentia.
826 3199 829 3204 “
1278 3275 1281 3280 Α
1529 3269 1536 3276 .

338 3333 380 3408 ι.
442 3308 667 3432 Apparere
683 3315 786 3411 solet
811 3335 970 3428 utraque
989 3310 1144 3424 species
1166 3307 1478 3428 abaequinoctio

284 3447 496 3536 nummnali
510 3449 562 3535 aci
575 3449 716 3563 aequin
744 3447 913 3538 renate
974 3441 1121 3534 AEstate
1142 3441 1249 3531 enim
1266 3441 1351 3530 vidi
1370 3464 1489 3564 nung,
1562 3487 1565 3494 ·

201 3617 208 3630 ·
286 3595 426 3688 quam.

102 3762 109 3772 -
263 3725 274 3744 ²
331 3721 375 3791 2.
438 3703 719 3819 Utplnrimum
736 3705 819 3795 luci
833 3701 1047 3792 succedere
1069 3696 1191 3786 solem
1213 3697 1339 3786 nubes
1358 3698 1411 3786 ab
1434 3699 1470 3788 i.

282 3830 379 3920 nitio
411 3831 681 3948 squammatirn
705 3825 926 3950 disproficit,
949 3830 1089 3947 postea
1103 3827 1352 3945 augentur&
1370 3851 1470 3919 coa·
1585 3875 1590 3883 ·

282 3981 494 4052 cernantur
510 3961 645 4054 sensim
656 3963 892 4079 senfimque.
974 4057 981 4074 ,

342 4113 387 4204 3.
440 4091 624 4210 Utraque
649 4095 798 4208 species
831 4090 970 4180 sereno
997 4107 1063 4178 aut
1091 4083 1328 4176 semisereno
1364 4083 1477 4176 coeio

281 4213 524 4334 plerumque
547 4249 745 4340 apparere
764 4237 908 4329 curav,
938 4215 1203 4310 animadverti
1225 4238 1318 4303 earn
1341 4229 1476 4305 tamen

283 4347 524 4461 quandoque
536 4379 611 4464 per
628 4352 785 4460 densas,
806 4350 1019 4445 &coelum
1035 4348 1186 4464 ubique
1200 4361 1383 4466 tegentes
1403 4371 1473 4438 nu·

283 4474 458 4582 becirinc
472 4477 564 4566 inde
578 4481 835 4576 dehiscentes.

274 4653 278 4660 ·
792 4607 927 4719 Yyn
1344 4597 1464 4722 4.U·
