4306 5952
315 392 593 591 rupuar.
632 451 1269 602 ottrannutrautvm.
1383 484 1470 598 ¹75

200 696 279 790 tofi
298 693 405 782 foret
430 695 597 808 calculi3
622 723 744 812 quare
764 693 990 785 tutissimum
1011 691 1144 783 eritttt
1161 695 1295 784 statim
1314 698 1365 786 ab
1386 697 1466 786 ini.

200 827 263 914 tio
283 825 530 936 dispiciatur,
548 850 674 938 prout
692 826 873 939 exempli
891 826 1074 934 tuusque
1092 845 1235 914 natura
1253 831 1400 944 exigit,
1419 831 1472 918 de

201 957 426 1042 tommoda
443 956 574 1068 aliqua
591 957 791 1044 studione
812 952 983 1042 affumtae
1007 981 1033 1042 z
1059 950 1320 1048 substituenda
1348 960 1390 1044 in
1409 960 1469 1047 lo-

201 1110 293 1172 cum
318 1085 537 1172 alterutrius
554 1079 944 1173 indeterminatarum
961 1083 1075 1188 xuel
1079 1110 1114 1196 y
1132 1113 1243 1201 ,quo
1259 1088 1468 1176 immedia-

198 1237 238 1304 te
253 1216 512 1327 preveniatur
530 1213 581 1300 ad
603 1218 868 1330 aquationem
888 1213 1131 1300 rationalem
1155 1221 1199 1305 dt
1224 1219 1463 1333 srmplicem,

174 1413 176 1420 ι
198 1347 306 1433 sicuti
332 1345 400 1431 hie
431 1345 581 1434 sadum
607 1349 812 1451 uidimus,
837 1344 906 1430 ubi
923 1336 1007 1428 sola
1039 1342 1305 1434 substitutione
1317 1349 1462 1460 μιν

198 1471 331 1590 (za-t)
353 1474 601 1561 obtinuimus
630 1477 717 1563 haec
737 1475 820 1562 tria
834 1472 946 1560 srmul
964 1498 1153 1584 ,nempe
1174 1477 1457 1566 indetermina-

197 1621 326 1694 tarum
340 1597 656 1720 separationem,
688 1602 999 1693 rationalitatem
1025 1603 1290 1696 terminorum
1308 1613 1349 1694 δι
1367 1633 1457 1695 ma·
1492 1692 1494 1696 ,

195 1751 349 1837 xinam
403 1745 640 1858 poffibilem
695 1742 929 1856 aquationis
989 1743 1287 1855 fimplicitatem
1321 1712 1464 1875 -4-
1529 1727 1532 1732 ’

214 2225 219 2230 ¹
195 1977 389 2211 ³³IX‚
422 2117 558 2227 Pergo
578 2113 629 2198 ad
643 2107 879 2210 methodum
896 2140 919 2199 a
934 2135 1004 2198 me
1023 2115 1227 2202 inuentam
1255 2106 1465 2234 integrao&

198 2251 243 2336 di
278 2247 520 2360 aquationes
543 2243 824 2330 differentiales
840 2241 919 2326 fine
944 2242 1119 2331 adhibita
1139 2243 1463 2340 indeterminata·

196 2405 287 2472 rum
304 2373 575 2487 separatione,
603 2373 733 2460 aliave
749 2372 831 2458 ulla
845 2397 982 2458 earum
996 2376 1035 2459 in
1054 2377 1151 2462 alias
1168 2384 1462 2468 transmutatio-

200 2537 251 2598 ne
280 2533 356 2619 per
382 2501 696 2588 substitutionem
723 2499 901 2622 facienda
925 2529 941 2606 ·,
965 2503 1113 2615 loquor
1137 2501 1206 2588 hic
1230 2507 1280 2606 de
1303 2508 1382 2596 illis
1400 2539 1455 2598 ae-

197 2633 448 2754 quationibos
457 2631 774 2746 pdr-l-qdyzu
788 2635 829 2716 in
847 2630 987 2744 quibus
997 2649 1028 2744 p
1047 2637 1088 2718 δι
1114 2662 1141 2748 q
1165 2635 1462 2744 defignantsun-
1504 2665 1510 2679 “

196 2770 349 2860 diones
366 2763 580 2850 rationales
597 2765 637 2862 ἃ
657 2761 931 2868 homogeneas
951 2761 1341 2852 indeterminatarnm
1359 2791 1392 2854 x
1417 2774 1461 2858 δι

184 2915 439 3010 yutcunque
467 2893 569 2978 inter
593 2889 639 2974 se
661 2875 993 2998 contplicatarum
1010 2911 1130 3003 atque
1152 2897 1456 3004 permixtarum,

193 3025 328 3114 modo
347 3021 691 3106 indeterminatae
681 3046 722 3103 m
739 3017 895 3131 singulis
913 3021 1087 3105 terminis
1108 3022 1277 3106 eandem
1287 3022 1459 3114 habeant

197 3149 487 3284 exponentium
501 3146 693 3235 summam
708 3169 918 3261 ,propter
934 3149 1043 3258 quod
1061 3145 1459 3266 sundrioues,quae1ta

194 3279 281 3369 sunt
298 3293 568 3388 comparata,
595 3277 773 3388 ipsasque
785 3278 1025 3389 aequationes
1043 3277 1328 3394 differentiales
1346 3281 1457 3369 exal

193 3413 250 3501 lis
265 3403 510 3520 composrtas
526 3426 635 3490 uoco
651 3401 902 3516 homogenaea

305 3579 370 3686 X.
431 3571 648 3688 Postquam
673 3573 867 3660 eiusmodi
892 3573 1133 3684 aquationes
1158 3575 1456 3668 aliadlinnibus
1498 3681 1506 3692 ¹

197 3681 375 3792 liberate
397 3700 483 3808 sunt
503 3728 585 3816 ope
602 3701 975 3812 multiplicationis,
999 3725 1112 3790 erunt
1128 3706 1205 3792 illae
1223 3707 1373 3794 ordinis
1389 3713 1461 3798 uel

199 3835 342 3944 primi,
362 3835 429 3920 uel
445 3832 628 3938 secundi,
657 3833 724 3920 rel
740 3835 877 3940 tertii,
901 3833 966 3916 uel
989 3835 1250 3946 cuiuscunque
1267 3836 1456 3946 altioris3

201 3987 311 4048 uoco
328 3983 464 4050 autem
478 3962 650 4049 ordinem
658 3962 848 4075 priorum,
866 3961 1093 4074 secundum,
1109 3967 1268 4050 tertium
1284 3968 1363 4056 dte.
1382 3967 1455 4053 ubi
1577 4009 1582 4024 ·

199 4095 487 4204 exponentium
505 4090 654 4180 sunma
671 4093 713 4176 in
728 4091 909 4201 quolibet
925 4090 1098 4176 termino
1124 4093 1280 4178 obtinet
1297 4095 1449 4181 dimen-

198 4221 315 4306 sionis
337 4221 509 4332 gradum
521 4221 735 4332 primum,
752 4218 983 4326 secandum,
1000 4222 1163 4307 tertium
1176 4227 1251 4308 dte.
1314 4221 1388 4312 His
1399 4225 1454 4313 ita

199 4349 396 4459 delinitis,
411 4345 550 4435 formo
567 4351 788 4464 sequentem
801 4351 1014 4453 abesan,
1046 4377 1134 4462 quae
1152 4351 1376 4463 conspectui
1384 4351 1449 4438 os-

197 4474 272 4564 sert
289 4479 445 4567 ordines
479 4483 743 4589 aquationum
765 4481 1046 4568 canonicarum
1063 4512 1079 4585 ·,
1095 4507 1167 4589 per
1192 4481 1455 4594 aequationem

195 4609 411 4702 θαιιοιιὶιαιιι
427 4607 607 4727 intelligo
623 4613 769 4720 talem,
792 4632 878 4724 quae
896 4632 1039 4699 ornnes
1062 4612 1303 4722 aquationes
1323 4611 1450 4821 Ἦ

1342 4759 1366 4820 ι
