4298 5952
598 599 604 608 ,
694 527 797 630 280
1143 503 1414 624 Vm

694 773 803 862 inusti
825 789 988 861 erennrs
1010 793 1174 862 rntnunr
1191 773 1408 860 admovere
1426 768 1651 882 decredat,
1677 795 1736 858 ne
1751 771 1834 862 eius
1850 763 1957 866 sams

692 903 790 992 inde
828 904 1081 1016 periclitetur.
1168 903 1304 992 Misius
1334 901 1461 990 'ardua
1494 927 1557 990 res
1599 903 1653 990 est
1693 902 1799 1013 chyli
1840 929 1954 990 recc-

692 1034 896 1142 ptnculum
938 1035 982 1118 δι
1023 1032 1283 1121 thoracicum
1317 1031 1477 1122 ducrum
1512 1033 1790 1142 investigare:
1836 1027 1959 1122 Nam

562 1247 567 1256 .
691 1159 816 1251 hodie
850 1189 874 1250 a
909 1164 1050 1276 quovis
1087 1160 1219 1248 solerti
1252 1165 1485 1246 anatomico
1518 1161 1561 1246 id
1594 1162 1809 1274 postulatur
1850 1225 1864 1268 ,
1915 1181 1956 1250 ur

693 1290 735 1380 in
758 1292 920 1403 srngulis
956 1293 1217 1380 cadaveribus
1248 1308 1332 1375 tarn
1348 1291 1566 1378 hominum
1586 1315 1704 1403 quam
1744 1277 1982 1376 brutorum⁴

695 1443 781 1533 quae
797 1422 861 1509 sua
879 1424 1073 1531 parvitate
1088 1421 1131 1506 »se
1148 1445 1230 1507 non
1249 1417 1497 1527 excludunt,
1521 1446 1570 1504 ea
1587 1437 1789 1530 perpetuo
1809 1439 1957 1506 anteo·

694 1552 805 1638 culos
820 1551 947 1636 srstcre
965 1555 1006 1637 δι
1023 1549 1452 1668 demonstrarevrleat.
1480 1621 1485 1629 .
1514 1550 1644 1638 Vatia
1658 1551 1700 1631 in
1714 1550 1816 1636 hunc
1830 1548 1954 1638 finem

694 1703 717 1765 ι
736 1681 833 1766 ritis
851 1679 1177 1764 exercitatiffirnis
1196 1665 1426 1792 excogitata
1443 1681 1486 1764 &
1503 1678 1706 1789 divulgata
1725 1681 1809 1762 lunt
1825 1681 1948 1766 artili-

693 1810 774 1916 cia‚
797 1833 885 1921 quae
901 1810 964 1896 hic
979 1809 1080 1894 nolo
1095 1827 1299 1919 repetere3
1325 1825 1535 1896 cuttnnrm
1553 1831 1640 1921 quae
1653 1811 1694 1894 in
1708 1806 1949 1932 theatrouno-

691 1937 772 2025 stro
789 1941 832 2024 in
850 1935 918 2036 ufir
933 1935 1033 2046 sunt,
1058 1937 1387 2033 communicabo,
1962 1945 1972 1962 ‘

309 2121 312 2126 ·
464 2068 660 2196 Rlllistta
789 2089 848 2197 'In
868 2108 1058 2196 omnibus
1078 2102 1370 2196 diffeffiombus
1401 2133 1476 2222 qun
1516 2109 1782 2226 publicisque
1815 2109 1951 2230 prist-³

456 2203 605 2320 Pmd‘·
690 2241 746 2326 tis
778 2241 829 2323 cd
843 2239 886 2322 id
909 2239 1070 2349 semper
1094 2236 1388 2347 respiciendum
1406 2241 1491 2348 est,
1514 2261 1557 2328 ut
1582 2265 1670 2354 quae
1688 2241 1869 2334 invicem
1885 2275 1952 2334 na-

462 2329 645 2477 mra*
691 2367 863 2457 ruraliter
883 2368 1104 2474 cohaerent,
1116 2367 1202 2454 erfi
1218 2365 1306 2460 fieri
1315 2370 1460 2478 potest,
1491 2395 1609 2482 quam
1625 2373 1798 2461 minime
1814 2377 1952 2464 disiun-

460 2473 634 2592 ΜΝ·
694 2500 775 2606 tta,
790 2494 854 2584 seu
866 2525 940 2610 per
954 2497 1183 2610 fragmenta
1199 2497 1521 2587 demonstrentur
1553 2534 1564 2588 ε
1600 2499 1814 2590 Pulchrum
1840 2497 1961 2592 cnim'

461 2589 675 2722 ultast&
697 2629 755 2713 est
793 2631 955 2715 acuile
988 2690 1001 2734 ,
1039 2647 1174 2738 parter
1190 2611 1541 2742 videreintegres,
1583 2632 1716 2742 quoad
1731 2633 1950 2722 universnm

460 2713 590 2806 dmm
642 2848 651 2867 ,
695 2755 924 2848 structuram
954 2781 1040 2870 quae
1069 2745 1243 2868 adlipsas
1265 2757 1477 2866 pertinet,
1514 2758 1659 2872 absque
1683 2763 1942 2869 mutilatione,

468 2841 662 2968 fecium·
692 2913 784 2972 cum
802 2887 989 2998 omnibus
1017 2885 1378 2990 administrantibus
1410 2888 1787 2978 &adiunctionem
1803 2916 1948 2978 neccs-

687 3018 791 3104 sariis
805 3017 1034 3130 particulis,
1058 3016 1112 3100 uti
1130 3016 1348 3100 invisente
1367 3039 1543 3127 corpore
1566 3018 1609 3101 id
1627 3018 1852 3156 seighabet.
1885 3017 1952 3110 Ex

685 3147 812 3234 hacce
827 3149 963 3262 regula
979 3143 1165 3256 sequitur,
1197 3143 1344 3254 duplici
1361 3165 1519 3229 tantum
1534 3151 1688 3235 ratione
1707 3148 1770 3237 seu
1787 3151 1948 3238 metho-

686 3277 855 3364 dovere
875 3273 1101 3363 anatomica
1121 3274 1231 3383 polle
1250 3257 1349 3358 trrd'i
1367 3274 1431 3360 seu
1447 3276 1710 3363 demonstrari
1730 3299 1882 3392 partes,
1898 3282 1948 3367 de

686 3407 830 3519 quibus
851 3407 1052 3518 praecipue
1085 3401 1153 3487 hic
1183 3401 1316 3490 sermo
1334 3404 1390 3488 cst
1423 3406 1595 3507 ,ultera
1615 3432 1708 3490 cum
1731 3429 1818 3496 tota
1846 3397 1948 3521 chy·

506 3647 508 3654 Ι
594 3616 598 3620 ,
682 3531 892 3620 liferorum
922 3533 1112 3646 congerie
1143 3557 1191 3615 ac
1220 3532 1393 3642 proinde
1415 3558 1505 3618 cum
1530 3535 1715 3622 universo
1742 3536 1950 3648 systemate

683 3663 871 3750 vasorum
886 3662 1051 3770 clrylutn
1070 3659 1326 3763 vehentium,
1361 3663 1420 3752 uti
1437 3664 1568 3746 modo
1584 3660 1747 3752 fecimus
1762 3671 1803 3754 &
1825 3670 1948 3755 trudi·

679 3792 845 3897 dimu53
878 3791 1000 3876 alteru
1030 3815 1120 3876 curn
1157 3786 1364 3900 systemate
1388 3789 1572 3878 vasorum
1603 3793 1947 3904 lymphaticorum

679 3919 880 4004 inferioris
902 3923 942 4046 lic
961 3920 1087 4004 medii
1104 3920 1282 4026 ventris,
1311 3919 1369 4003 uti
1388 3945 1491 4006 nunc
1510 3918 1640 4009 sumus
1654 3919 1880 4037 expofitun']

454 4099 663 4198 Novamc·
799 4095 1143 4214 Incipiendumest
1160 4107 1203 4189 in
1234 4105 1424 4194 alterutro
1449 4111 1646 4219 inguine,
1686 4112 1881 4220 quoniam
1905 4098 1952 4194 c-¹

453 4234 587 4318 rhodus
683 4222 801 4309 lectio
835 4226 1001 4314 arbitrio
1031 4230 1287 4340 professoris,
1309 4238 1557 4347 relinquitur.
1621 4239 1731 4328 Hinc
1747 4241 1792 4325 .ss
1831 4239 1871 4320 in
1894 4263 1940 4322 u-

446 4361 625 4478 proponi.
680 4375 739 4436 no
770 4349 970 4440 difficilius
995 4355 1166 4446 succedit
1202 4365 1561 4474 experirnennrm,
1593 4367 1635 4451 in
1650 4370 1778 4454 altero
1794 4385 1945 4451 tentare

407 4479 417 4492 '
451 4503 534 4578 tur.
656 4479 794 4606 idem
804 4485 990 4598 proclive
1007 4489 1079 4584 cst.
1155 4485 1353 4584 Arbitrio
1378 4517 1538 4608 qnoque
1564 4497 1802 4613 protectoris
1819 4497 1938 4584 relin-

1854 4645 1945 4736 qur-
