4386 5980
312 373 320 384 .
659 365 663 374 ἱ
705 447 838 568 ’μθ
966 525 974 538 ι,
1253 408 1339 510 DE
1380 401 1540 512 SIT?

659 653 676 668 ’·
712 619 864 709 ‚itinere
890 612 1069 726 dierum,
1109 606 1221 702 iuxta
1246 607 1495 726 Panticapen
1518 601 1704 726 porrecti
1726 604 1767 700 in
1786 606 1996 726 orientem,

730 771 779 844 et
796 735 1244 858 Borystheneaduerso'
1260 745 1446 834 undecim
1473 740 1655 853 dierum,
1688 745 1823 858 itaque
1843 749 1930 834 sere
1947 749 1999 832 ad

734 877 1054 990 ducimusque,
1086 899 1210 988 quem
1229 873 1412 962 Desnam
1428 897 1535 960 nunc
1557 877 1777 980 vocnnniu
1804 875 2004 966 tractibus

732 1011 937 1102 Veraniae
965 1007 1180 1117 orientalis.
1243 1001 1370 1092 isthic
1400 995 1580 1090 Gerrhus
1606 1008 1724 1118 regio
1751 1025 1795 1092 et
1832 1003 2004 1119 sepulcm

733 1162 875 1248 regnu
896 1131 1173 1248 Scythicorum
1191 1147 1318 1221 erant.
1360 1128 1485 1247 Supra
1503 1157 1599 1221 uero
1616 1119 1777 1251 ’despue
1806 1131 1874 1226 ἐπὶ
1905 1145 2003 1224 πολ-

733 1259 812 1358 λὸν
832 1262 1122 1377 ingenssolitudo
1136 1269 1179 1353 ἀ
1201 1264 1304 1350 vltra
1329 1289 1421 1351 erm
1446 1260 1727 1380 Androphagi
1749 1247 1881 1370 ἔθνος
1896 1247 2003 1354 'idua

739 1387 817 1513 troi
838 1385 1002 1512 tuapte
1043 1379 1295 1500 Σκυθικόν,
1323 1418 1419 1508 gens
1431 1393 1646 1508 pernimis
1666 1411 1706 1480 et
1734 1394 1885 1482 trinitare
1903 1392 2005 1506 Scy·

740 1527 868 1632 thica,
907 1527 947 1612 in
981 1527 1065 1638 agn‘
1079 1521 1404 1640 ,Smolenscensis
1434 1523 1772 1637 Vitepcenfisque
1804 1524 2005 1622 tractibus.

740 1651 890 1748 Postea
907 1658 989 1742 iam
1005 1653 1084 1742 sola
1109 1674 1151 1742 et
1168 1653 1438 1760 incultrloca,
1469 1637 1554 1766 ὅσα
1576 1645 1690 1768 ἡμᾶς
1726 1637 1853 1770 supe
1869 1681 2002 1770 quarr-

742 1781 991 1898 tumscimus‚
1014 1785 1144 1900 inquit
1156 1781 1401 1875 Herodotus
1431 1781 1624 1872 Traiecto
1642 1777 1878 1896 Panticape,
1911 1779 2008 1896 scy-

745 1915 837 2004 thae
855 1909 1076 2002 Nomades
1113 1917 1225 2003 iuxta
1253 1905 1459 2002 Gerrhnm
1487 1914 1651 2004 flutrinm
1676 1915 1729 2000 ad
1756 1912 2006 2026 septemtrio-

748 2071 845 2132 nem
862 2063 1051 2159 tergunt,
1081 2071 1175 2158 pars
1192 2064 1233 2134 et
1256 2044 1310 2135 ad
1318 2045 1576 2132 occidentem
1589 2039 1794 2156 Hypacris
1811 2045 1900 2138 fita.
1965 2040 2011 2131 In

748 2169 1002 2264 Chersoneso
1018 2174 1147 2264 Tauri
1165 2176 1350 2264 colebant
1366 2201 1559 2290 magnam
1575 2195 1734 2288 partem
1757 2175 1810 2261 ad
1833 2173 2013 2260 occiden-

670 2347 674 2360 ¹
752 2321 840 2392 tem
880 2369 894 2412 ‚
934 2329 1029 2391 nam
1052 2306 1251 2394 orientem
1272 2302 1500 2418 peninsulae
1519 2297 1702 2418 Scythae
1731 2297 1854 2414 Regii
1873 2308 2014 2418 netgo

750 2429 820 2519 seu
838 2430 1012 2544 Opttuni
1028 2435 1123 2521 dicti
1136 2436 1345 2541 tenebant,
1380 2437 1451 2548 qui
1470 2426 1563 2523 inde
1580 2434 1703 2546 usque
1721 2435 1771 2521 ab
1788 2435 1865 2520 hnc
1882 2435 2017 2545 regio-

752 2588 809 2652 ne
833 2564 885 2648 ad
903 2555 1108 2652 Gerrhum
1144 2583 1186 2650 et
1206 2561 1432 2656 Cercinitin
1466 2566 1597 2672 finon,
1614 2565 1796 2676 ultraque
1822 2561 1965 2650 soffrm
1996 2587 2022 2652 e

753 2685 917 2780 Gerrho
938 2693 1099 2781 ductam
1114 2691 1157 2778 in
1179 2691 1339 2806 Bycen,
1374 2693 1547 2782 boream
1562 2693 1694 2784 tersus
1709 2695 1760 2780 ad
1775 2693 1932 2800 lacum,
1967 2717 2020 2780 ex

755 2847 841 2945 quo
853 2819 1004 2910 Tanais
1021 2827 1164 2930 oritur,
1176 2845 1294 2938 atque
1313 2823 1367 2911 ad
1383 2827 1585 2913 orientem
1607 2826 1659 2913 ad
1683 2823 1788 2910 ostia
1807 2820 1964 2912 Tantis
1985 2821 2022 2910 se

756 2950 1040 3068 porrigebant,
1080 2979 1177 3068 quas
1201 2956 1387 3066 regiones
1413 2979 1521 3044 nunc
1550 2953 1713 3044 Tartari
1739 2949 2020 3062 Crhnmenstr,
2164 2991 2165 3000 Ν

761 3080 950 3196 Nogaici
963 3116 991 3187 ¹,
1025 3081 1249 3198 Cosacique
1271 3061 1466 3210 ineoiunt.
1531 3079 1662 3197 'Supra
1681 3079 1857 3197 Scythas
1869 3081 2024 3192 Regios

655 3307 657 3312 ,
760 3209 1076 3321 Melanchlaeni,
1089 3237 1187 3324 gens
1212 3215 1380 3303 minime
1407 3211 1596 3327 scythica
1618 3216 1778 3332 intigro
1800 3211 2023 3328 Mosquenfi

762 3343 978 3455 vicinoque
999 3341 1267 3434 adorientem
1288 3346 1425 3435 naeu
1491 3345 1622 3468 Quod
1641 3345 1704 3446 ad
1723 3345 1900 3432 boream
1928 3369 2018 3455 per-

765 3472 890 3590 gebat
906 3476 1058 3587 magis,
1084 3473 1276 3583 lacubus,
1307 3474 1511 3588 paludibus
1528 3495 1571 3563 et
1587 3474 1750 3564 desertis
1767 3475 1822 3562 ab
1838 3473 2024 3564 Herodo-

765 3622 817 3688 to
829 3601 1053 3718 repletum
1122 3595 1386 3715 Piranthus,
1405 3602 1472 3724 (5)
1491 3605 1635 3714 abhis,
1666 3608 1734 3720 qui
1752 3598 1968 3716 Scythiam
1987 3625 2025 3693 et

766 3725 990 3822 Thraciam
1004 3756 1340 3847 peragrauerant,
1376 3735 1604 3850 frequentes
1618 3739 1781 3824 incuset
1795 3733 1959 3847 paludes
1979 3735 2028 3820 iis

735 3877 745 3889 ·
769 3857 814 3948 in
828 3861 932 3948 locis
950 3861 1126 3976 reperiri
1144 3887 1425 3979 compererat,
1455 3895 1508 3954 ex
1525 3893 1607 3981 quo
1622 3865 1848 3954 Posidonius
1863 3860 2027 3979 uigoris

770 3990 1077 4086 vehementiam
1090 4021 1164 4114 per
1182 3993 1252 4084 has
1270 4000 1455 4104 regiones
1468 3999 1565 4086 oriri
1583 3997 1760 4084 credidit
1825 3985 1932 4082 Satis
1950 3991 2024 4080 sri-

640 4128 644 4140 ’
775 4121 872 4236 gide
887 4119 970 4212 hoc
982 4179 996 4231 ,
1029 4145 1073 4214 ut
1088 4127 1260 4239 opinor,
1273 4122 1520 4214 Posidonius.
1582 4129 1708 4219 Vltra
1724 4127 1889 4214 lacusct
1904 4121 2029 4212 deser·

776 4267 818 4335 tr
837 4251 979 4368 utre&
1010 4245 1235 4374 κεχυμὲνα
1259 4255 1420 4372 mamas
1439 4253 1585 4378 ‚qffrtsar
1610 4281 1748 4351 aerem
1772 4241 1961 4349 obtinere
1977 4250 2029 4340 fe

648 4481 705 4554 ’·
892 4501 1371 4651 hilstsmu
1971 4408 2030 4475 e
