4298 5952
370 393 373 400 ¹
447 579 450 584 ,
572 417 577 428 ’
655 433 1034 564 mamma,
1394 461 1491 588 say

306 683 463 788 ¹Nunc
491 707 657 806 tempus
675 693 730 780 est
768 715 816 784 ut
832 720 911 802 ea,
965 693 1052 810 qua
1071 691 1311 786 secundante
1333 698 1489 788 laudata
1511 745 1708 870 Diffm
1854 811 1858 817 .

225 821 640 912 methodorumcirca
651 828 951 935 receptaculum
959 849 1042 914 tum
1055 829 1233 915 canalem
1244 828 1491 916 tlroracicum

1462 965 1470 981 ,
1513 884 1574 972 tia
1587 881 1707 1000 respe-

224 952 359 1064 specie
385 951 559 1066 quadam
587 956 783 1042 nouitatis
809 956 929 1044 nobis
948 957 1177 1066 innotuere,
1197 957 1287 1092 solo
1315 964 1490 1050 ueritans
1511 1009 1711 1130 &astutis-

226 1083 356 1171 studio
374 1106 646 1196 exponamus.
710 1083 1019 1173 Dedifferentia
1035 1088 1139 1175 inter
1158 1113 1312 1174 marem
1340 1094 1382 1178 &
1403 1089 1482 1179 foe.

224 1213 377 1300 minam
428 1233 551 1326 prout
580 1216 619 1298 in
654 1233 820 1326 utroque
848 1215 940 1302 sexu
971 1216 1031 1303 hae
1068 1218 1147 1306 uiae
1182 1213 1300 1303 nobis
1339 1219 1487 1310 oblatae

224 1341 459 1451 sunt‚ets1ab
477 1344 558 1430 aliis
577 1345 848 1456 praetermill'a,
856 1345 981 1433 rerba
998 1349 1173 1456 primum
1189 1345 1371 1438 facienda
1381 1349 1483 1445 sunt.
1546 1405 1548 1410 ·

222 1471 405 1559 Eandem
421 1497 518 1560 uero
536 1499 654 1586 quam
670 1475 713 1558 in
731 1478 881 1588 certeris
909 1477 1091 1588 partibus
1115 1477 1282 1563 duorum
1308 1479 1485 1588 sexuum,
1624 1543 1629 1550 -

223 1601 494 1690 differentiam
513 1607 901 1718 proportionemque
915 1605 1227 1693 observavimus:
1235 1607 1284 1691 ln
1309 1603 1487 1696 foeminis

104 1833 109 1848 .
221 1736 329 1820 enim
340 1734 865 1819 contraciiores&exiliores
882 1734 966 1818 sunt
976 1757 1054 1843 pro
1070 1737 1213 1821 maiori
1230 1755 1344 1843 parte
1363 1760 1485 1848 quam

219 1864 262 1948 in
280 1865 388 1969 uiris,
411 1861 483 1952 eru
498 1862 604 1948 huius
619 1863 881 1974 inaequalitatis
901 1863 1058 1948 causam
1075 1864 1325 1970 ignoremus,
1391 1861 1486 1950 1Εο-

221 1997 347 2104 gitare
374 1993 472 2077 licet
499 1994 538 2076 in
557 1993 734 2080 foeminis
755 2047 770 2094 Ν,
808 2011 973 2102 propter
998 1994 1277 2078 eracuauones
1305 1993 1485 2082 solennes

217 2121 356 2234 quibus
372 2121 566 2208 obnoxiae
584 2118 670 2205 sunt
687 2121 1031 2233 necessitatemque
1048 2121 1174 2207 alenffi
1190 2119 1476 2229 foetus‚mino.

215 2275 307 2336 rem
329 2247 508 2361 lymphae
534 2252 700 2362 copiam
736 2250 989 2362 expertibus
1015 2249 1274 2360 inferioribus
1295 2253 1477 2357 refluere,

214 2405 385 2492 eamque
402 2381 459 2464 o'b
475 2380 629 2468 caulam
641 2392 753 2466 tanta
767 2380 908 2466 ductus.
920 2371 1177 2489 amplitudine
1192 2404 1298 2490 opus
1320 2405 1405 2467 non
1423 2407 1482 2468 es-

212 2507 257 2594 se
287 2535 411 2623 quam
428 2511 472 2594 in
499 2512 591 2596 uiris
615 2509 768 2596 diuersa
800 2509 996 2620 temperie
1022 2511 1297 2620 gaudentibus.
1386 2508 1481 2598 Cae-
1606 2583 1609 2588 .

213 2661 347 2726 terum
381 2640 422 2722 in
452 2642 704 2742 indiuiduis,
753 2627 855 2726 salva'
901 2640 962 2724 illa
988 2641 1167 2752 generali.
1198 2643 1241 2724 in
1288 2637 1379 2725 sexu
1398 2639 1474 2724 dil.
1727 2629 1729 2639 ⁴

213 2767 375 2855 ferentia
393 2823 424 2874 .‚
442 2796 560 2886 ¹eam
606 2772 871 2856 constantiam
899 2772 941 2852 ἀ
958 2774 1198 2854 uarietatem
1227 2794 1316 2880 quae
1357 2771 1464 2854 aso-

211 2899 372 2984 lertibus
393 2901 480 3004 alias
507 2903 738 2985 anatomicis
764 2899 952 2986 obiicitur
975 2899 1232 3006 leonibusque
1254 2921 1395 2984 comm
1418 2924 1480 2984 re

212 3027 500 3140 praesentatur,
532 3031 716 3114 inuenire
734 3053 814 3116 non
830 3029 1036 3140 potuimus
1046 3061 1055 3140 :⁸
1077 3021 1237 3122 Nostra
1252 3029 1369 3111 enim.
1392 3051 1480 3112 me·

211 3155 348 3244 rhodo
378 3181 463 3269 quae
496 3158 644 3270 absque
679 3162 778 3246 flatu
805 3157 1094 3267 &liquoribus
1120 3155 1278 3268 spissis,
1322 3155 1477 3268 absque

213 3287 462 3402 expansione
487 3289 721 3399 perficitur,
762 3315 809 3376 ea
833 3277 1084 3374 uniformitas
1097 3284 1253 3396 semper
1276 3287 1476 3398 apparuit,
1577 3328 1580 3336 ·

210 3444 306 3532 quae
325 3420 589 3506 communiter
605 3421 646 3502 in
667 3420 824 3526 organis
850 3417 1054 3501 nutritioni
1071 3417 1239 3530 dicatis,
1270 3418 1311 3500 in
1339 3414 1476 3526 quibus
1610 3452 1616 3464 ¹

210 3551 454 3634 variationes
467 3572 560 3658 raro
580 3549 831 3661 contingunt,
845 3543 1052 3631 obervari
1066 3543 1175 3631 solet.
1240 3545 1412 3655 Loquor
1423 3544 1476 3632 de

210 3678 497 3766 variationibus
514 3703 608 3764 vere
626 3678 786 3782 talibus,
821 3704 907 3788 quae
927 3678 1157 3764 structuram
1172 3677 1213 3760 &
1231 3673 1371 3762 faciem
1396 3700 1469 3783 pe-

211 3811 412 3916 regrinam
431 3812 677 3896 conciliant:
738 3801 854 3892 Nam
876 3805 1007 3919 quoad
1032 3805 1277 3890 variatmnes
1303 3804 1476 3888 minoris

210 3941 423 4042 momenti,
453 3937 605 4026 utisunt
624 3936 831 4042 crallrties,
856 3921 1093 4047 amplitudo,
1115 3935 1318 4020 inclinatio
1342 3933 1474 4020 maior

210 4069 438 4160 rel'minor
455 4071 538 4174 ,δῖα
556 4072 656 4155 tales
671 4068 806 4178 utique
821 4068 904 4152 dari
921 4063 1230 4150 concedendum
1251 4065 1325 4153 est.

329 4195 403 4284 De
418 4199 691 4310 Receptaculo
710 4191 891 4311 Perqueti
915 4200 1076 4305 eiusque
1097 4219 1194 4278 uera
1225 4187 1468 4278 conforma·
1493 4223 1592 4328 pah.
1614 4263 1669 4336 12

210 4324 324 4416 tione
341 4357 414 4441 per
430 4349 641 4416 anatomen
658 4328 809 4414 detecta
823 4348 929 4414 nunc
952 4323 1162 4410 dicendum
1178 4323 1235 4408 ell
1265 4377 1278 4426 ‚
1325 4345 1412 4434 quae
1435 4321 1464 4408 st
1491 4311 1628 4480 Plau
1676 4321 1687 4344 ’

210 4485 305 4564 ,cum
326 4461 645 4558 anatomicorum
661 4447 1466 4598 descriptionibus&delineationibusmrs
1490 4489 1579 4596 Lu,
1590 4501 1650 4590 Α

1394 4605 1467 4670 nus
