4298 5952
593 418 972 522 currisset.
1253 513 1259 531 ,
1350 355 1447 568 ets
1556 561 1557 566 ψ

179 662 425 762 adhuevidit
441 663 482 750 nt
500 661 803 769 determinavit,
825 683 1064 773 quamquam
1081 685 1208 752 nexus
1226 665 1454 762 mesenterii

178 815 279 887 cum·
295 797 472 883 intestino
494 797 598 880 idem
630 787 805 878 edocere
830 791 1010 878 videatur
1049 846 1063 899 ‚
1103 799 1451 906 quemadmodum
1507 785 1512 806 ¹

179 929 453 1040 experimenta
515 924 748 1009 anatomica
796 919 886 1034 plus
926 949 1044 1035 quam
1085 951 1162 1010 una
1192 931 1284 1014 rice
1329 931 1442 1050 insti.

178 1081 301 1162 tuta,
343 1056 383 1141 id
402 1073 517 1140 extra
541 1074 706 1138 omnem
727 1051 984 1139 dubitationis
1006 1055 1135 1140 aleam
1151 1079 1323 1167 ponunt.
1381 1061 1451 1150 Sic

68 1167 75 1178 ’
178 1209 410 1301 connexum
429 1186 485 1270 est
504 1179 781 1292 mesenterium
798 1184 986 1268 intestino
1012 1201 1036 1287 ‚¹
1057 1204 1099 1270 ut
1121 1186 1231 1276 huius
1246 1193 1449 1281 medietati

176 1319 333 1432 septum
353 1312 553 1428 adiposum
572 1327 598 1414 ,χ
620 1313 731 1423 quod
749 1310 898 1400 duabus
926 1309 1156 1401 mesenterii
1180 1319 1350 1408 lamellis
1380 1324 1442 1408 in-

175 1445 412 1560 terpositum
430 1447 487 1531 est
526 1496 540 1547 ‚
577 1439 753 1527 firmiter
781 1441 981 1549 alligatum
1008 1439 1162 1554 hacque
1178 1451 1327 1534 ratione
1346 1451 1445 1538 inte-

172 1581 321 1665 stinum
331 1579 372 1660 in
383 1576 477 1662 duas
492 1591 627 1684 partes
645 1572 815 1678 aequales
827 1571 931 1678 quast
943 1572 1109 1657 divisam
1125 1573 1194 1677 stt,
1209 1579 1369 1662 reflexis
1378 1581 1435 1668 su.

170 1733 250 1819 pra
269 1704 450 1815 infraque
461 1699 660 1814 praedietis
675 1698 896 1782 mesenterii
911 1697 1098 1799 sornellis,
1121 1725 1209 1808 quae
1218 1705 1442 1795 intestinum
1463 1725 1469 1736 '

171 1833 443 1938 involvendo,
467 1835 505 1915 in
523 1847 635 1938 parte
651 1823 891 1910 mesenterio
912 1829 1100 1936 opposita
1123 1828 1252 1916 demo
1277 1837 1442 1922 coniun.

166 1967 236 2054 eta
276 2025 289 2071 ,
331 1964 501 2050 tunicam
527 1957 719 2043 extimam
753 1953 946 2046 efficiunt.
1017 1959 1085 2045 Ex
1102 1981 1159 2042 to
1187 1963 1440 2072 perspicuum
1548 1963 1552 1976 '

169 2093 260 2194 est,
285 2115 332 2175 ea
346 2087 656 2202 chylisera‚quae
675 2109 698 2170 e
717 2105 828 2196 parte
841 2085 1005 2168 intestini
1016 2087 1208 2212 anteriore
1221 2093 1439 2204 prodeunt,
1496 2073 1501 2088 ’

169 2223 469 2307 commercium
488 2217 641 2306 nullum
660 2241 751 2300 cum
762 2214 1046 2327 posterioribus
1065 2215 1431 2333 haberenequeho-

169 2351 601 2439 nameoniunetinnem
630 2368 722 2431 cum
737 2347 805 2432 iliis
819 2343 877 2428 ob
896 2345 1109 2431 crassitiem
1133 2346 1265 2458 septi,
1307 2353 1430 2461 poffi.
1535 2402 1542 2414 .

20 2459 26 2477 ⁸
167 2481 294 2567 bilem
313 2475 581 2596 ⁸autfsacilem
613 2477 721 2580 esse,
759 2485 887 2585 neque
914 2477 1037 2560 etiam
1064 2501 1171 2586 opus
1195 2478 1273 2565 esse
1297 2481 1348 2567 ad
1383 2486 1440 2570 tui

170 2610 326 2696 exintm
352 2661 365 2715 ‚
412 2629 457 2694 ut
479 2607 658 2697 tunicam
680 2605 874 2690 extimam
892 2603 1061 2691 intestini
1078 2609 1346 2720 pertundant,
1378 2617 1435 2702 uti

167 2739 430 2828 consideranti
452 2755 575 2850 patet
1219 2795 1220 2800 a

246 2959 254 2972 ,
322 2867 539 2978 Postquam
595 2863 723 2975 specie
778 2865 897 2952 tnbuii
935 2861 1180 2974 capillatis,
1238 2866 1312 2954 uix
1341 2867 1432 2957 setae

168 2997 351 3112 'porcinae
373 2997 580 3082 mediocris
599 2993 813 3080 crassitiem
832 2996 1055 3108 aequande,
1090 2998 1139 3082 ad
1152 2995 1324 3083 confinia
1340 3025 1427 3085 me-
1454 2980 1492 3070 F
1492 2989 1594 3076 acies

166 3127 329 3216 senterii
354 3146 524 3236 uterque
565 3141 730 3210 truncus
756 3127 867 3230 'pari
913 3123 1018 3236 passu
1046 3125 1251 3210 ambulans
1281 3154 1432 3237 perve·
1451 3114 1580 3231 elztlifi
1606 3122 1648 3210 in

162 3260 255 3365 nit,
276 3259 439 3369 peracto
458 3241 623 3342 duarum
650 3256 737 3342 sere
753 3255 944 3338 linearum
962 3254 1130 3360 itinere,
1160 3255 1430 3346 faciemsuam
1449 3245 1660 3360 mssmseriu

168 3389 304 3497 subito
329 3403 541 3496 permutat.
614 3381 730 3473 Nam
758 3401 970 3468 momento
983 3402 1143 3468 truncus
1160 3385 1246 3495 talis
1262 3389 1378 3472 exilis
1394 3393 1433 3474 in
1454 3369 1645 3473 Tubu.

172 3519 280 3618 duos
296 3537 376 3602 tres
394 3534 615 3626 quatuorve
632 3510 820 3616 surculos,
841 3515 915 3599 vix
931 3533 1075 3596 nunco
1092 3516 1265 3600 tumores
1280 3513 1421 3603 scindi.
1452 3497 1491 3586 F
1491 3505 1542 3615 ig·
1556 3529 1607 3593 t.

168 3667 232 3736 tur
247 3699 263 3752 ,
321 3645 391 3757 qui
412 3645 613 3742 integrum
643 3641 894 3754 manipulum
926 3639 1159 3726 tubulorum
1185 3631 1428 3754 capillacium
1449 3629 1634 3732 Lis-ddd.
1765 3623 1770 3636 ⁸

168 3775 422 3863 constituunt.
486 3773 640 3860 Eorum
660 3771 836 3857 nonnulli
854 3795 955 3860 mox
970 3791 1183 3873 coeuntes,
1201 3775 1342 3862 insulas
1358 3781 1434 3864 ob·

170 3909 312 4012 longas
329 3901 568 4012 efformant3
605 3900 668 3985 aiii
684 3899 895 4012 separatim
917 3900 1139 4007 incedunt,
1176 3902 1429 4018 obviamque

166 4031 278 4121 sasn's
297 4032 379 4118 aliis
414 4030 702 4143 propaginibus
737 4028 997 4115 inosculantur
1026 4083 1041 4136 ,
1073 4053 1177 4116 mox
1199 4055 1326 4118 novus
1353 4039 1425 4120 ite·

169 4163 262 4254 rum
280 4161 440 4247 tubulus
453 4159 646 4272 exsurgit,
669 4161 733 4270 qui
749 4161 955 4268 postremo
972 4160 1252 4270 complurimis
1270 4163 1356 4250 aliis
1372 4187 1425 4252 ex

170 4311 266 4378 toto
285 4289 553 4375 intestinorum
574 4289 724 4374 ambitu
741 4289 1068 4374 concurrentibus
1082 4289 1137 4376 fic
1156 4285 1426 4395 confunditur,

170 4442 214 4507 nt
229 4443 322 4504 eum
347 4407 608 4503 internoscere
626 4443 672 4501 ac
687 4417 902 4504 discernere
922 4419 1088 4530 amplius
1107 4421 1345 4528 impossibile
1362 4425 1425 4517 s1t.

168 4547 382 4640 Caeterum
413 4573 436 4632 a
469 4545 571 4631 uasis
603 4541 857 4660 sangninem,
900 4572 984 4656 quae
1007 4548 1249 4658 pinguedine
1268 4551 1429 4635 obtesia
1469 4617 1474 4622 .

742 4675 898 4760 utne
1331 4671 1429 4788 sunt,
1494 4671 1500 4682 ’

1381 4928 1386 4936 ’
1411 4945 1430 4982 t
