4376 5952
309 495 434 642 fere
480 493 689 618 omnes
719 495 1155 690 reperiantur,
1153 509 1160 522 '
1224 498 1353 616 illos
1387 497 1554 662 nepe
1600 499 1759 662 pri-x

307 691 441 790 vata
477 663 842 788 industriam
874 665 1238 784 Societatem
1272 689 1566 788 coeuntes
1599 667 1715 788 Re-

309 839 397 1000 gis
412 834 730 958 auctoritas
763 803 1153 978 confirmarit,
1192 832 1291 954 has
1310 822 1424 956 sola
1457 836 1714 1000 Impera-

312 1009 455 1126 toris
488 1002 754 1128 Maiestas
790 999 1094 1150 sustineat,
1130 1013 1387 1164 aequum
1418 1029 1545 1124 erat
1580 1043 1713 1168 pro·
1770 1015 1773 1030 “

310 1175 569 1322 videre,
638 1212 715 1296 ne
747 1168 988 1335 quidus
1022 1261 1042 1316 ,
1103 1171 1177 1294 ad
1212 1170 1708 1300 commoditatem

316 1347 472 1464 vitae
507 1341 744 1464 deeffet.
812 1344 999 1506 Igitur
1036 1366 1099 1460 et
1133 1339 1416 1509 stipendia
1451 1366 1516 1464 et
1551 1338 1711 1464 subsr

312 1510 404 1634 dia
434 1510 784 1659 studiorum,
819 1513 895 1632 de
914 1509 1126 1673 quibus
1157 1513 1317 1679 patti
1350 1537 1516 1633 erant
1553 1513 1710 1633 Aca

311 1681 570 1827 domici,
606 1666 921 1806 liberaliter
956 1681 1233 1803 exhibita
1252 1679 1508 1802 fuerunt
1588 1679 1712 1802 Ac-

309 1851 478 1975 ceffit
499 1853 824 1978 PETRIII.
858 1849 1166 1995 edictum,
1206 1888 1327 2008 quo
1347 1848 1729 1972 Academiae
1806 1913 1807 1921 Ν

309 2019 535 2146 reditus
565 2042 866 2186 perpetuo.
893 2013 1331 2144 confirmantur.
1788 2033 1801 2048 “

264 2559 271 2576 ’
399 2571 598 2726 Qua
617 2575 694 2698 de
726 2575 909 2698 caussa
943 2560 1233 2773 speramus
1262 2575 1420 2725 fore,
1455 2601 1524 2696 ut
1553 2579 1711 2722 Aca·
1777 2543 1824 2577 ⁷
1906 2541 1949 2656 ⁹.

312 2744 528 2866 demici
541 2743 853 2914 ,proceffu
871 2752 1160 2943 temporis
1186 2768 1250 2865 et
1279 2750 1497 2914 maiora
1514 2769 1578 2866 et
1596 2749 1708 2865 uti
1785 2901 1787 2908 Α

313 2917 478 3038 lioria
509 2915 772 3040 Russicae
806 2921 974 3112 genti
1006 2913 1388 3082 producant,
1404 2908 1710 3080 srImpe-
1813 3045 1818 3053 ,

314 3108 471 3206 rator
498 3121 666 3247 ,qua
705 3091 908 3252 coepit
941 3086 1309 3229 clementia,
1340 3086 1521 3215 bonas
1552 3105 1709 3203 artes

274 3259 547 3372 'tueatur
555 3256 823 3415 ,Avique
843 3247 1406 3447 destinataperficiat.
1478 3251 1709 3371 Verum

314 3419 549 3581 quando
608 3416 727 3618 ipse
789 3421 1102 3544 maioribus
1169 3426 1319 3540 curis
1375 3403 1707 3565 distinetur,

314 3589 457 3711 dum
486 3597 638 3711 tanti
665 3593 898 3755 imperir
883 3571 1311 3788 gubernacula
1336 3585 1601 3755 capeffit,
1638 3609 1707 3708 ut

313 3782 436 3880 tam
459 3754 718 3880 diversas
733 3783 799 3896 ct
830 3800 937 3924 per
969 3765 1290 3880 maximam
1323 3781 1554 3924 partem
1590 3759 1709 3878 Eu

313 3967 492 4124 ropae
511 3924 800 4123 Asiaeque
820 3923 1037 4050 diffuus
1055 3935 1322 4049 nationes
1352 3923 1544 4049 srvein
1577 3921 1709 4046 offi-

315 4103 412 4224 cio
445 4101 813 4241 contineat,
881 4093 996 4221 five
1040 4135 1072 4214 a
1112 4100 1444 4216 vicinorum
1488 4096 1710 4218 iniuriis

318 4262 597 4389 defendat
620 4297 951 4430 ,rogamus
976 4290 1159 4425 atque
1190 4241 1682 4409 obtestamur,
1625 4305 1709 4384 vr·

1577 4471 1713 4554 rum
