4386 5980
705 542 811 649 430.
914 527 917 534 ·
1140 515 1227 614 oa
1253 445 1490 616 nuno

712 727 787 814 tiit
801 744 842 811 et
859 725 951 812 inde
968 723 1015 812 ad
1034 721 1210 809 radicem
1227 717 1398 809 Caucasi
1413 717 1536 803 uertit
1550 712 1588 803 in
1602 713 1852 830 Tuclaettun,
1889 739 1969 816 turn

715 861 756 940 in
772 857 988 942 Tianorum
1008 875 1048 940 et
1073 855 1266 953 Eretum,
1293 851 1426 933 donee
1453 847 1660 934 infinibus
1688 849 1971 962 Schamachiae

714 985 824 1070 vrbis
840 986 1017 1094 superata
1027 979 1461 1092 asperitatemontium,
1472 979 1675 1085 planitiem
1690 983 1828 1066 tenuit.
1859 979 1970 1070 Tum

715 1135 814 1198 uero
846 1112 1024 1198 Bacuam
1051 1107 1241 1195 conceffit
1259 1125 1372 1216 atque
1396 1105 1488 1190 inde
1508 1107 1671 1216 nauigiis
1706 1107 1968 1194 Derbentum.

715 1236 796 1326 Ab
811 1237 952 1326 Osseto
968 1241 1062 1326 odio
1079 1239 1232 1348 dierum
1250 1235 1391 1318 itinere
1408 1231 1633 1320 Caucasum
1652 1263 1674 1320 a
1692 1237 1855 1339 sinistro,
1872 1259 1911 1320 ct
1931 1243 1970 1324 in

668 1419 673 1430 ·
713 1371 919 1453 cacumine
935 1370 1035 1473 eius,
1065 1369 1171 1450 muri
1185 1364 1327 1450 rudera
1341 1362 1650 1470 conspexerunt
1723 1363 1772 1449 In
1795 1363 1965 1452 Delilia·

715 1499 779 1582 nis
796 1497 960 1600 tabulis,
992 1493 1057 1608 (tl
1082 1494 1132 1582 ad
1161 1491 1338 1578 Pontum
1363 1493 1558 1578 Euxinum
1578 1486 1645 1572 sub
1668 1507 1743 1608 44.
1771 1493 1896 1604 gradu
1918 1497 1967 1580 lt·

580 1673 582 1678 ·
716 1623 888 1713 titudinis
905 1645 944 1709 et
960 1619 1011 1738 58
1026 1632 1058 1742 l,
1071 1623 1193 1736 gradu
1212 1620 1479 1730 longitudinis,
1492 1643 1625 1728 prope
1643 1615 1966 1720 abDandarovt·

719 1751 773 1836 be
790 1757 893 1836 muri
911 1755 1078 1860 uestigia
1112 1769 1246 1856 notata
1264 1745 1365 1852 sunt,
1405 1773 1503 1856 qttae
1530 1745 1740 1832 secundum
1767 1749 1969 1837 Cudurum

630 1987 635 1996 Ι
719 1879 889 1966 fluuium
908 1882 958 1968 ab
971 1883 1097 1966 austro
1113 1882 1154 1964 in
1172 1878 1337 1962 boream
1347 1895 1525 1987 vergunt,
1545 1895 1660 1986 atque
1680 1875 1730 1958 ad
1747 1899 1968 1968 extremum

554 2061 558 2068 ·
717 2011 935 2122 paullulum
958 2009 1162 2094 inflectunt
1185 2007 1225 2091 in
1248 2004 1466 2108 orientem,
1500 2006 1665 2115 quinque
1685 2003 1904 2094 admodtnn
1929 2031 1969 2098 ct

553 2187 556 2194 »
716 2135 958 2248 septuaginta
977 2138 1192 2238 stadiorum
1212 2130 1531 2222 Ruthcnicorum
1560 2135 1696 2218 tracta
1723 2129 1821 2220 Siue
1843 2164 1866 2220 a
1889 2134 1963 2222 So·

718 2261 852 2350 scamo
873 2263 1010 2351 Sabba
1030 2266 1213 2378 principe
1233 2251 1456 2372 Georgiae,
1480 2259 1558 2346 fiue
1575 2289 1598 2348 a
1615 2259 1763 2348 Ctufio
1785 2257 1969 2354 autZura·

719 2391 828 2477 beco
844 2395 925 2478 eius
945 2395 1052 2480 muri
1072 2395 1249 2480 notitiam
1260 2390 1487 2478 clarissimus
1497 2389 1754 2503 geographus
1772 2391 1968 2502 habuerit,

717 2524 778 2608 est
796 2517 981 2630 proferto
999 2524 1143 2632 insigne
1161 2541 1439 2631 arguuentum
1461 2521 1680 2604 continuati
1698 2522 1794 2608 inter
1812 2543 1970 2610 utrum·

718 2673 797 2761 que
813 2675 926 2735 mare
940 2644 1127 2736 Caucasei
1152 2651 1267 2740 muti.
1298 2648 1431 2732 inueni
1446 2649 1578 2758 pollen
1595 2641 1968 2764 P.'Atchangelum

719 2775 1294 2863 Lambertummilstonarium
1308 2803 1331 2858 e
1343 2777 1658 2887 congregatione
1675 2780 1727 2864 de
1741 2805 1965 2892 propagan.

720 2906 771 2990 do
791 2905 892 3009 fide,
935 2907 976 2990 in
998 2908 1131 2992 itinere
1149 2905 1316 2990 Iberico
1353 2902 1419 3020 (2)
1449 2931 1605 2991 murum
1627 2909 1753 3011 illum,
1787 2937 1905 3018 quem
1930 2916 1968 3000 iu
2084 2902 2092 2923 ⁶

674 3053 681 3060 ·
721 3034 853 3119 tabula
872 3033 1059 3140 exhibet,
1085 3037 1139 3120 ita
1157 3031 1242 3118 sere
1260 3023 1493 3119 describere:
1512 3036 1702 3144 regionem
1721 3037 1788 3151 effe
1805 3041 1967 3149 naysum,

719 3176 760 3248 et
778 3189 923 3248 murum
956 3159 1268 3275 stupra-sexagies
1285 3162 1386 3248 mille
1409 3159 1543 3275 paffits
1566 3161 1713 3248 duflum
1733 3195 1742 3251 :
1764 3169 1899 3276 pafflm
1921 3169 1970 3254 ab

716 3283 898 3376 turribus
917 3300 957 3373 et
969 3291 1118 3394 custode
1136 3290 1264 3376 milite
1279 3291 1422 3404 defendi
1431 3323 1441 3406 :s
1460 3294 1707 3404 apraeripuis
1723 3293 1831 3378 orbis
1842 3291 1972 3383 Odiri

614 3437 630 3446 ‘
716 3419 882 3522 ciuibus,
906 3417 1063 3532 fingulir
1081 3411 1282 3525 menstruas,
1307 3418 1465 3504 delectos
1483 3420 1618 3504 milites
1637 3423 1806 3528 torritii,
1835 3428 1898 3538 qui
1910 3427 1968 3512 rit·

676 3555 679 3564 '
717 3545 1049 3661 nisusstrperirris
1074 3545 1207 3658 mrnfls
1223 3547 1530 3653 excubitoribus,
1557 3549 1763 3655 custodiam
1780 3569 1922 3662 agant:
1944 3581 1969 3642 a

720 3675 821 3757 mari
859 3677 1048 3784 regionem
1076 3675 1277 3784 paullatim
1307 3677 1506 3790 affingere
1538 3673 1722 3790 usquein
1763 3680 1969 3791 altiſjirnam
2140 3743 2141 3758 ,

715 3791 880 3908 C'atuafi
893 3802 1051 3887 culmen:
1087 3800 1297 3912 effluerem
1323 3808 1692 3918 regionrm‚partem
1718 3829 1743 3891 a
1765 3822 1908 3896 natura
1930 3824 1969 3896 et
2140 3797 2141 3818 ¹

712 3926 924 4052 paludibus,
927 3943 1082 4042 partem
1101 3931 1153 4016 ab
1168 3945 1258 4020 arte
1274 3933 1330 4017 et‘
1345 3931 1478 4043 ligneis
1498 3933 1656 4020 arcibus
1669 3935 1832 4043 moiri,
1858 3942 1970 4024 nenti

1863 4093 1962 4154 utut.

665 4293 709 4356 ⁸·
817 4309 886 4427 (1)
949 4243 1973 4434 Regiomtmuirinaruntmariscafpiid.172'3,e.

650 4501 659 4512 -
706 4438 893 4690 pinispdd)
924 4437 1044 4529 Dant
1066 4443 1269 4536 telleneu
1291 4448 1339 4540 de
1362 4473 1529 4564 opages
1551 4455 1609 4554 ,atr
1634 4447 1756 4540 atad
1771 4443 1829 4544 Τ.
1854 4449 1973 4552 Vn,
