4376 5952
354 515 1231 664 'noro‘rnsrrrssacnr
1332 543 1336 548 ’
1411 583 1476 706 47
1572 552 1579 559 ·

333 787 395 891 V.
425 789 736 884 SiDirettiones
754 795 830 883 illac
848 797 999 887 virium
1016 793 1332 889 secundumAB
1354 809 1468 897 &se-
1518 835 1519 842 ¹
1592 825 1594 828 ’
1657 892 1662 900 .

210 925 377 1020 eandum
396 921 484 1015 AC
501 927 576 1014 lint
604 927 654 1012 ad
681 929 720 1012 se
759 928 936 1014 invicem
963 933 1344 1052 perpendiculares,
1370 956 1459 1026 tum
1532 970 1535 976 ’
1687 965 1691 972 ·

208 1063 311 1150 vires
328 1056 416 1146 illas
434 1081 548 1144 voco
564 1053 843 1166 imminutas,
864 1059 1036 1174 intellige
1046 1063 1098 1146 ad
1109 1060 1144 1148 se
1156 1064 1329 1151 invicem
1340 1091 1353 1177 3
1366 1057 1459 1180 qnia

202 1191 381 1282 neutrius
404 1185 573 1274 uranio
593 1183 720 1271 afficit
744 1188 1008 1276 directionem
1036 1193 1212 1284 alterius,
1555 1273 1559 1280 .

308 1313 396 1410 VI.
441 1311 487 1401 Si
517 1316 775 1404 Diret'tiones
792 1317 872 1404 illae
904 1321 1249 1429 comprehendant
1269 1327 1458 1439 angulum
1621 1372 1627 1384 =

204 1463 376 1555 tentum,
401 1444 511 1532 vires
527 1447 623 1530 dico
637 1445 973 1563 consentientes3&‚
992 1449 1023 1534 fi
1043 1451 1202 1564 angulus
1221 1451 1295 1540 fiat
1308 1455 1459 1562 infinite

127 1597 132 1604 ·
204 1600 365 1683 acutrn,
404 1577 583 1690 adeoque
607 1576 850 1667 directiones
884 1578 1048 1668 tandem
1075 1583 1304 1670 coincidunt
1320 1650 1332 1696 ,
1350 1569 1458 1672 vires

201 1710 366 1824 appello
382 1707 629 1796 cnraidmtes.
1557 1711 1563 1724 ’

227 1865 231 1870 ’
293 1835 421 1940 .‚V11‚
454 1832 500 1921 Si
517 1837 756 1924 directiones
772 1853 1010 1924 memorata
1027 1831 1171 1921 faciant
1187 1839 1371 1950 angulum
1386 1840 1460 1924 ob-
1621 1897 1624 1910 ·

19 2051 20 2058 a
118 2075 121 2085 Ι
201 1967 347 2072 tuscan,
364 1967 470 2053 vires
485 1991 596 2052 voco
614 1963 987 2081 dissentienteswel,
1007 1965 1036 2050 fi
1054 1966 1212 2076 angulus
1231 1969 1300 2054 fiat
1321 1969 1454 2054 infini-

198 2117 240 2183 te
256 2091 443 2196 obtusus,
464 2095 647 2201 adeoque
660 2094 896 2202 directiones
909 2089 1073 2182 tandem
1088 2090 1163 2184 fint
1184 2095 1335 2194 directe
1354 2123 1453 2183 con·
1522 2197 1523 2202 a
1700 2092 1702 2098 ⁸
1772 2111 1780 2133 ³

196 2223 356 2322 traria,
384 2219 492 2306 vires
509 2222 675 2304 nomino
693 2237 964 2334 repugnantes.
1879 2223 1882 2232 '

262 2343 395 2450 Schol.
430 2347 607 2470 Quando
635 2349 717 2432 vim
750 2374 804 2434 ex
828 2351 1148 2464 repugnantibus
1185 2358 1459 2466 compositam

199 2481 319 2583 dico,
339 2501 424 2561 non
442 2476 486 2560 id
502 2475 604 2561 volo
621 2482 649 2583 ,”
673 2477 887 2568 inexistere
907 2462 995 2568 illas
1019 2469 1188 2593 corpori
1212 2485 1279 2588 fic,
1292 2507 1335 2572 ut
1356 2487 1397 2594 id
1412 2491 1453 2572 in

200 2611 417 2696 contrarias
442 2606 557 2693 sainnl
576 2627 796 2693 moveatur
833 2614 978 2725 plagas
1022 2639 1035 2700 t
1090 2613 1160 2699 sed
1190 2615 1371 2727 intelligo
1396 2619 1450 2706 ¹il-

201 2741 274 2827 lud
294 2793 306 2842 ‚
331 2734 439 2848 qnod
454 2733 627 2847 superest
643 2760 698 2821 ex
713 2737 892 2846 viribus,
912 2767 1000 2854 quae
1018 2740 1060 2823 in
1079 2744 1214 2852 plagas
1232 2745 1455 2830 contrarias

202 2871 445 2978 diriguntur,
468 2871 510 2950 &
521 2867 574 2970 ‚fi
592 2863 747 2951 divusae
763 2867 897 2976 errent,
910 2891 1184 2963 moverennn.

345 2993 472 3088 VIII.
502 2993 549 3082 Si
565 2995 986 3086 Direelionesvirium
1005 2999 1170 3085 duarum
1187 3000 1300 3109 plane
1315 2999 1478 3106 senon·
1585 3041 1590 3048 ·
1638 2997 1644 3002 ⁴
1706 3019 1709 3031 '

201 3127 458 3229 intersecent,
479 3127 587 3209 uires
607 3125 770 3238 appello
787 3123 1302 3243 disjuntiasvelparallelas'.
1367 3130 1455 3218 Ta·
1621 3131 1624 3136 ’

197 3256 446 3353 rossanam,
472 3254 609 3364 quae'in
622 3255 786 3340 dirersis
802 3251 979 3370 ejusdem
995 3260 1182 3370 corporis
1195 3259 1238 3344 in
1255 3260 1456 3347 dnenun
1511 3357 1513 3364 ‚

199 3377 501 3493 motipartibns
515 3382 721 3468 inexistere
734 3388 1036 3497 concipiuntur.
1565 3373 1568 3376 ’

262 3508 390 3603 schol.
458 3505 771 3597 Observandum
789 3515 848 3600 est
886 3579 900 3622 ,
938 3512 1043 3598 hunc
1072 3507 1212 3597 casum·
1226 3511 1345 3624 plane
1369 3537 1454 3604 non

200 3642 446 3755 respondere
469 3639 572 3726 ideae
599 3637 653 3726 illi
681 3702 695 3747 ‚
739 3666 827 3750 qnae
857 3631 1028 3728 habenta
1052 3645 1093 3728 in
1121 3640 1300 3729 motibus
1325 3667 1446 3734 com-

199 3773 339 3888 pofitir
398 3789 418 3877 ς’
450 3765 543 3854 'hoc
591 3769 700 3853 enim
736 3765 825 3856 casu
870 3769 1112 3858 dnettiones
1160 3795 1244 3858 non
1299 3773 1451 3884 exponi

199 3901 360 4016 polluat
401 3917 478 4012 per
518 3898 641 3984 latera
688 3890 849 4012 alicujus
873 3899 1274 4012 parallelogrammi,
1339 3901 1453 4012 quod
1605 3920 1623 3955 ⁸

19 4129 21 4148 ‚
82 4095 90 4106 -
200 4054 339 4120 tamen
374 4031 414 4114 in
437 4029 586 4115 ceteris
614 4025 806 4114 omnibns
840 4029 933 4135 fit,
969 4053 1021 4112 eo
1063 4027 1216 4138 scilicet
1262 4029 1407 4116 ordine
1431 4031 1452 4136 ,'

96 4231 100 4240 .
201 4163 267 4274 qui
289 4165 330 4245 in
351 4156 473 4245 rebus
508 4153 747 4242 naturalibus
774 4155 1056 4263 observatur,
1082 4173 1128 4240 ut
1162 4151 1451 4269 (Leibnitiano

201 4285 365 4405 uerbo)
391 4309 579 4374 extrema
605 4283 792 4373 recidant
828 4290 870 4373 in
897 4288 1008 4372 idem
1031 4314 1045 4389 3
1076 4285 1245 4397 angulus
1269 4311 1307 4378 e.
1328 4313 1367 4398 g.
1393 4289 1452 4374 in·

196 4419 314 4507 finite
331 4437 465 4512 acutus
482 4417 527 4509 in
548 4414 885 4529 concidendam,
910 4416 1062 4508 infinite
1072 4409 1249 4553 obtusus!
1264 4413 1308 4501 in
1328 4442 1451 4529 repu-

192 4569 415 4675 mm
482 4737 514 4756 -,
1244 4665 1461 4762 ῙΧ.Ὲιιη-’
