4386 5980
540 525 554 541 ·
636 515 643 520 ·
683 451 1023 610 CAVCASEO.
1376 535 1494 640 429
1662 607 1665 618 .

239 711 368 801 metrii
382 731 425 798 et
443 733 499 798 ex
516 705 604 820 ipso
617 707 719 798 fin
705 737 748 797 ιιι
764 731 963 821 mentem,
989 715 1065 822 ede
1082 696 1242 803 flurium
1263 701 1392 804 Yori
1381 735 1491 806 tnta·

240 843 343 930 bulis
356 837 569 930 Deliiianis
594 840 645 926 ad
673 837 749 950 63.
773 843 940 954 gradcnn
959 845 1216 958 longitudinis
1234 863 1274 932 et
1296 851 1400 972 444
1410 870 1498 958 gra-

238 973 334 1059 dum
354 969 583 1062 latitudnis
646 963 811 1058 Montes
834 970 1129 1100 conspiciuntur
1158 975 1209 1060 ιιι
1235 972 1498 1062 Derbentum
1546 1045 1551 1054 .

134 1135 140 1148 r
239 1081 390 1186 diuersa
413 1101 644 1186 altitudine.
667 1096 866 1186 summum
891 1081 1092 1248 fastigium
1109 1103 1165 1188 est
1188 1107 1341 1190 montis
1364 1101 1499 1192 Scha-

145 1285 149 1290 -
236 1227 360 1338 dagy,
383 1229 488 1339 quafi
506 1225 674 1338 Regium
693 1229 984 1336 dicasmoutem,
1016 1234 1106 1342 quia
1122 1227 1371 1320 Nusriuanus
1390 1233 1501 1320 iiiios

175 1463 180 1471 .
203 1355 207 1371 '
238 1355 476 1470 Kieicubat
465 1384 506 1441 ιιι
523 1359 603 1442 eius
619 1359 765 1442 vertice
787 1357 958 1445 domum
977 1359 1202 1470 condidit,
1192 1387 1364 1470 inquam
1384 1362 1503 1448 animi

238 1483 369 1572 cauffo
395 1484 603 1572 recreandi
635 1509 936 1596 nonnumquam
958 1489 1137 1577 diuertit.
1217 1485 1501 1580 Altinrdinem
1644 1530 1651 1544 -

238 1615 455 1726 quadrante
472 1612 669 1716 dimenst,
705 1613 936 1700 odiodecim
962 1613 1178 1702 stadiorum
1196 1609 1450 1704 obseruaffeir
1459 1617 1499 1702 bi

186 1766 201 1798 ²
238 1741 324 1828 sunt
345 1743 436 1836 viii,
504 1737 715 1828 Secundus
723 1741 788 1828 ille
811 1741 862 1828 ab
884 1737 1094 1862 Ariarathe
1120 1743 1302 1852 habetur,
1328 1747 1501 1830 mediam

240 1873 411 1982 amplius
427 1889 585 1981 partem
620 1870 771 1958 niuibus
797 1859 992 1966 obtectus.
1055 1859 1223 1984 Montes
1249 1878 1426 1984 plerique
1461 1876 1502 1960 in

239 1990 413 2088 Caucasi
428 1999 577 2105 tradiu,
594 2017 675 2083 vta
693 1987 968 2087 Constantino
986 2000 1174 2114 Principe
1192 2003 1390 2091 Demetrii
1401 2002 1502 2110 filio,

238 2133 306 2243 qui
333 2147 566 2237 compatre
596 2151 760 2215 murum
795 2129 915 2236 obiit,
949 2135 1201 2241 occepimus,
1224 2135 1435 2244 praempti
1459 2151 1502 2218 et

240 2260 369 2368 esperi
389 2255 552 2366 rupibus
564 2257 823 2369 virgultisque
840 2259 991 2366 consiti,
1009 2262 1368 2378 nonnumquamin
1385 2284 1502 2346 cncu-

113 2401 117 2407 “
237 2392 348 2476 mine
366 2383 576 2498 planitiem
593 2387 851 2494 protendunt.
909 2389 958 2474 ln
984 2389 1227 2476 conuallibus
1245 2387 1328 2477 sunt
1343 2388 1502 2476 uineae.

228 2517 380 2608 'Vnum
398 2517 534 2598 uicrnn
550 2511 588 2600 se
605 2515 740 2601 uidere
757 2514 1047 2604 Constantinus
1062 2519 1260 2625 meminit,
1292 2520 1333 2602 in
1350 2541 1430 2629 quo
1441 2514 1506 2602 Iu·
1580 2521 1582 2528 ’

211 2749 217 2766 ⁸
238 2645 329 2732 daei
346 2641 524 2770 Perticae
544 2642 806 2758 Ebraeaeque
821 2647 984 2756 linguae
1002 2646 1202 2732 callentes.
1265 2643 1345 2733 Per
1375 2671 1499 2734 mou·

235 2777 340 2862 tium
356 2777 449 2884 iuga
466 2793 507 2857 et
523 2771 649 2858 valles
670 2799 807 2861 murus
826 2775 1091 2876 continuans,
1125 2797 1227 2861 nunc
1247 2775 1289 2860 in
1306 2775 1365 2860 rui
1378 2775 1497 2859 nisis„
1582 2795 1588 2804 ·

238 2925 312 2990 cet
375 2900 536 2988 Turres
551 2902 751 3010 quaedam
768 2927 862 2986 cnm
881 2903 1011 3011 portis
1029 2901 1228 3015 integrae,
1260 2899 1455 3013 praefert
1444 2923 1506 2984 rm
1618 2893 1622 2898 ’

238 3030 501 3135 inutilibus,
543 3007 799 3118 Moscueufis‘
818 3031 933 3116 urbis
968 3030 1138 3118 turnbus
1175 3053 1259 3116 non
1292 3029 1502 3116 dffimiies.

237 3157 399 3250 Crniius
417 3161 474 3246 est
493 3185 628 3245 mnms
644 3161 836 3273 orgyiam
852 3159 1115 3248 Ruthenicam
1145 3159 1431 3246 tantummodo
1452 3183 1499 3242 v-

236 3316 349 3381 nam.
418 3287 590 3400 Lapides
610 3287 710 3404 sunt,
730 3312 777 3375 ut
791 3289 1099 3400 Xenophonteo
1116 3289 1367 3389 rerbovtar,
1389 3313 1501 3399 κογ-

121 3467 144 3511 ,·
238 3413 462 3533 quatern,
485 3420 619 3528 quales
639 3444 686 3502 es
706 3420 747 3503 in
765 3421 935 3530 regione
957 3418 1243 3529 reperiuntur,
1301 3417 1422 3500 trium
1434 3417 1497 3499 ui·

238 3569 379 3632 uarum
398 3545 714 3662 Ruthenicarum
736 3547 1005 3660 longitudine,
1041 3544 1208 3631 craffitie
1234 3547 1347 3630 unius
1366 3545 1497 3634 ulnae:

236 3675 372 3762 luteres
398 3675 492 3784 nulli
519 3674 685 3785 usquam
708 3678 793 3763 viii.
853 3673 950 3768 Nec
973 3669 1219 3762 ferramentis
1229 3695 1294 3759 nuc
1312 3697 1499 3758 caemen-

236 3821 283 3890 to
299 3804 461 3889 deuincti
477 3803 561 3889 sunt
579 3804 748 3914 lapides,
775 3805 838 3891 sed
860 3809 1028 3914 polimra
1046 3802 1129 3889 sola
1148 3823 1190 3890 et
1208 3803 1381 3888 struendi
1406 3803 1499 3886 arti·

238 3931 337 4018 ficio
357 3935 408 4016 ita
428 3931 649 4040 commiffi,
670 3955 714 4019 ut
732 3937 799 4020 vix
814 3936 922 4020 rima
931 3933 1148 4042 adpareat.
1189 3929 1293 4022 Non
1310 3931 1502 4015 omitten-

241 4061 336 4150 dum
349 4061 445 4146 duxi
463 4063 668 4167 hocloco,
689 4065 797 4211 quod
814 4061 1020 4174 cognitum
1039 4060 1099 4145 est
1117 4059 1200 4144 sb
1188 4079 1408 4169 interprete
1418 4050 1503 4142 Ge-
1657 4053 1661 4058 ’

242 4192 396 4301 orgi-uni
416 4185 641 4299 Principis,
690 4194 753 4303 qui
769 4197 820 4300 jn
847 4191 928 4309 hac
954 4190 1061 4276 urbe
1084 4192 1285 4304 aliquanto
1311 4208 1505 4294 tempore
1601 4244 1605 4254 ι

241 4322 337 4430 egit
406 4317 488 4406 Hic
504 4319 712 4426 Princeps
723 4347 815 4408 cum
833 4339 1071 4430 cogeretur,
1109 4318 1159 4402 ab
1186 4317 1361 4402 insidiis
1352 4339 1392 4398 ιιι
1418 4335 1510 4401 tuta

234 4447 280 4539 se
296 4447 501 4562 recipere,
533 4445 706 4536 Teffifie
724 4449 1051 4666 sepoeffiiiromm
1064 4447 1199 4537 uersus
1217 4443 1403 4537 Offetum
1423 4469 1497 4553 pe·

868 4623 872 4632 ·
966 4599 990 4693 3
1262 4673 1270 4690 ι
1376 4570 1505 4692 ¹iiii
