4376 5952
489 523 659 684 lege,
695 523 761 634 ut
796 505 1040 678 quilibet
1059 511 1119 631 in
1145 507 1200 630 se
1226 513 1553 680 receperit,
1575 547 1695 637 non
1715 515 1896 646 solum

492 683 763 849 quotidie
792 723 901 803 una
921 683 1067 802 bora
1084 719 1217 800 eam
1237 686 1462 829 artem,
1498 720 1674 842 quarn
1697 695 1892 844 callet,

297 979 302 992 ,
489 857 720 1026 publice
744 852 962 973 docere
980 874 1156 1009 atque
1173 853 1238 969 in
1254 849 1467 972 eadem
1477 850 1625 973 duos
1655 859 1921 986 iuvenes·

344 1085 349 1104 ·
491 1018 953 1174 srbicommissos
993 1015 1293 1180 instituere
1332 1025 1648 1186 privatim,
1683 1067 1893 1152 verum

347 1313 355 1325 ,
490 1199 670 1316 etiam
689 1189 954 1348 eiusdem
995 1190 1130 1308 artis
1139 1186 1266 1311 suae
1289 1196 1618 1359 epitomen,
1643 1235 1789 1356 quae
1812 1198 1895 1321 di-

493 1366 782 1508 scentium
805 1356 1001 1486 studiis
1046 1356 1311 1480 inserviat
1345 1453 1364 1508 ,
1398 1384 1500 1480 aut
1541 1362 1780 1523 aliquod
1811 1377 1895 1493 in-
1957 1460 1967 1477 .

494 1536 651 1698 fignc
685 1531 1030 1698 opusculum
1063 1531 1455 1675 conscribere,
1492 1530 1710 1695 suoque
1729 1541 1892 1704 inge-

406 1853 413 1862 ·
496 1712 595 1824 nio
618 1726 683 1823 et
740 1701 968 1820 solertia
1021 1695 1294 1822 scientiae
1329 1697 1891 1868 fines'promoverc.

491 1871 717 1997 Idcirco
744 1870 911 2036 pauci
947 1863 1496 2017 Academicorum,
1530 1875 1632 2032 qui
1654 1877 1770 1996 iam
1795 1878 1891 2000 sub

492 2041 773 2166 aestatem
796 2042 928 2158 anni
947 2036 1039 2167 clo
1058 2037 1113 2164 lo
1135 2078 1341 2164 ccxxv
1358 2039 1752 2196 accesserunt,
1783 2053 1895 2216 pri-

492 2233 662 2333 vatos
681 2225 1009 2333 conventus
1028 2209 1398 2355 inchoarunt,
1410 2214 1469 2328 in
1488 2215 1722 2370 quibus,
1746 2256 1895 2377 quae

377 2453 381 2462 ·
491 2377 660 2501 domi
712 2382 956 2542 quisque
993 2372 1426 2523 elaboraverat,
1461 2381 1793 2544 praelegit,
1828 2409 1895 2505 ut

495 2552 861 2711 collegarum
912 2541 1226 2665 sententias
1309 2550 1702 2712 exploraret,
1746 2591 1894 2713 quae
2067 2697 2069 2704 y

229 2735 232 2752 '
412 2779 419 2788 ¹
495 2719 948 2848 consultationes
968 2713 1145 2837 aucto
1165 2713 1379 2836 deinde
1390 2715 1895 2844 Academicorum

410 2963 416 2974 -
497 2927 748 3022 numero
777 2888 863 3006 bis
888 2886 948 2999 in
983 2881 1356 3006 hebdomade
1390 2890 1795 3038 continuatae,
1830 2897 1891 3014 in
1977 3015 1981 3022 ,

499 3057 665 3201 hoc,
701 3051 865 3214 quod
898 3091 1053 3170 nunc
1108 3055 1502 3220 publicamus,
1528 3079 1593 3174 et
1620 3059 1888 3210 alterum,
1930 3063 1932 3070 ’

496 3229 660 3345 cuius
724 3221 1025 3393 impressio
1114 3223 1496 3351 maturabitur
1511 3313 1535 3376 ,
1618 3231 1893 3360 volumen

495 3390 927 3518 succreverunt.
1389 3554 1393 3564 Ι
1465 3543 1467 3548 ¹
1643 3435 1648 3446 ·
1911 3400 1917 3413 “

612 3941 796 4060 ,Cum
822 3931 969 4068 vero
998 3944 1146 4069 haec
1176 3951 1435 4071 Societas
1466 3927 1538 4074 ab
1569 3960 1690 4078 aliis
1710 4051 1729 4107 ,
1751 3997 1897 4122 quae

498 4117 558 4231 in
593 4113 830 4276 Europa
863 4113 1113 4262 florent,
1170 4157 1246 4240 eo
1289 4113 1515 4241 differat
1559 4143 1578 4269 ,‘
1646 4129 1808 4289 quod
1837 4139 1898 4290 in

364 4345 372 4362 ι
448 4355 454 4360 -
499 4281 616 4404 istis
638 4276 948 4444 indigenae
961 4285 1257 4452 plerique,
1293 4291 1352 4407 in
1373 4291 1481 4412 hac
1506 4291 1896 4426 n'ost'raexteri

1771 4466 1897 4594 fere
