4376 5952
505 526 805 646 tratura
832 515 1266 632 contortum,
1506 559 1530 662 ς

276 765 375 882 piros
399 767 622 888 accuratius
643 763 849 857 locuturos
870 764 1008 868 mille,
1041 766 1176 852 sirim
1201 761 1530 878 percussionis&

273 900 575 1014 gravitationem
586 921 815 1010 corporum
828 903 1062 1008 quantitates
1077 895 1390 1011 heterogeneas,
1403 895 1526 1020 adeo-

271 1056 348 1140 que
360 1029 677 1141 comparationis
699 1027 911 1138 incapaces
929 1027 1145 1137 dixillent3
1183 1029 1531 1138 quemadmodum

270 1154 468 1276 Cartefius
486 1161 538 1244 de
550 1157 815 1244 hiscevirium
827 1155 1034 1270 speciebus
1047 1159 1204 1244 locutus
1220 1160 1291 1262 est,
1305 1158 1528 1274 qui(Epist.
1681 1200 1685 1208 ·
1837 1223 1840 1230 .

271 1305 350 1410 74.
363 1287 477 1382 Part.
498 1287 556 1407 1.)
580 1289 632 1375 ad
652 1286 702 1378 P.
721 1283 985 1377 Mersennum
1007 1284 1192 1398 expreffe
1213 1289 1383 1393 scribit,
1420 1291 1533 1402 quod
1644 1391 1651 1408 ¹

253 1421 334 1504 ‘vis
365 1445 412 1504 ea
438 1447 529 1534 quae
555 1417 732 1533 ponderi
754 1419 805 1504 ad
827 1423 1002 1532 aliquam
1030 1419 1275 1506 altitudinem
1310 1420 1532 1506 attollendo

242 1595 246 1604 ·
271 1545 413 1634 sufficit
435 1551 533 1638 duas
549 1549 709 1668 semper
726 1548 967 1672 dimmfiones
990 1546 1168 1656 habeat,
1218 1551 1286 1636 illa
1310 1553 1414 1636 teto
1440 1577 1532 1662 quae
1677 1613 1681 1624 .

272 1678 497 1766 sustinendo
513 1682 692 1794 ponderi
719 1683 759 1766 in
784 1681 967 1794 quolibet
994 1671 1111 1790 hujus
1137 1681 1351 1786 altitudinis
1377 1685 1532 1792 pundo

269 1805 432 1918 sufficit,
467 1809 798 1926 nunquamplures
820 1803 1059 1916 dimenstones
1075 1805 1243 1908 habeat,
1263 1832 1379 1918 quam
1400 1833 1531 1916 unam,
1679 1813 1683 1822 '

270 1935 323 2024 ita
341 1937 461 2025 uthae
475 1941 582 2025 uires
602 1941 773 2052 perinde
792 1940 896 2024 inter
922 1933 963 2019 se
982 1931 1170 2020 differant
1191 1959 1239 2020 ac
1258 1933 1489 2044 superficies
1509 1939 1533 2026 d

268 2063 411 2170 linea,
444 2095 493 2150 ac
508 2091 729 2176 propterea
744 2068 912 2150 rationis
932 2068 1144 2174 incapaces
1159 2063 1246 2156 lint.
1310 2062 1408 2154 Hoc
1420 2063 1533 2154 idem

270 2195 329 2280 de
344 2195 388 2276 vi
405 2195 721 2302 percuffionis&
750 2193 802 2278 de
820 2194 1315 2306 gravitationetorporum
1330 2189 1535 2282 estdicen-
1690 2189 1694 2202 ’

270 2323 397 2422 dum,
433 2319 501 2404 illa
521 2323 629 2418 enim
647 2323 705 2406 est
722 2325 782 2406 vis
802 2323 893 2406 uiua
910 2319 1113 2408 haecuerd
1128 2326 1188 2406 uis
1211 2321 1387 2415 mortua.
1422 2323 1531 2444 Quae

266 2451 313 2536 in
331 2449 413 2534 hoc
432 2449 686 2568 paragrapho
708 2452 875 2540 strictim
896 2467 1049 2538 tantum
1075 2453 1252 2538 diximus
1272 2453 1524 2564 insequenti..

272 2579 346 2666 bus
371 2583 515 2668 clarius
543 2582 856 2694 probabuntur,
900 2583 1166 2696 posteaquam
1186 2584 1239 2670 de
1263 2583 1444 2672 mensura
1460 2587 1528 2674 ui·

269 2711 579 2798 ritunuiuamm
593 2713 750 2828 loquuti
764 2713 973 2808 fuerimus.

391 2839 426 2927 6
428 2917 440 2954 ·,
503 2841 609 2932 Non
628 2871 703 2930 una
725 2845 912 2928 omnium
931 2845 987 2930 est
1002 2841 1189 2930 sententia
1204 2843 1312 2930 circa
1329 2845 1534 2933 rationem
1586 2835 1595 2848 “

271 2995 394 3086 quam
409 2973 515 3058 virts
530 2975 634 3058 vioae
656 2975 760 3060 inter
783 2973 823 3060 se
845 2973 1012 3060 seruant
1080 2969 1269 3088 Plerique
1294 2978 1402 3061 enim
1423 2995 1530 3062 autu-

271 3122 383 3190 mant
400 3099 471 3188 has
488 3103 596 3188 vires
608 3097 716 3216 sequi
729 3105 931 3190 rationem
950 3107 1177 3216 impetuum
1194 3128 1444 3212 corporum,
1465 3105 1532 3194 seu
1671 3164 1675 3174 ·

268 3234 535 3342 quantitatum
551 3255 707 3340 motus,
740 3234 825 3318 hoc
838 3238 930 3338 est,
966 3235 1074 3347 quod
1098 3238 1209 3320 uires
1231 3235 1338 3319 vivae
1357 3237 1531 3322 duorum

271 3383 505 3470 corporum
519 3361 591 3444 smt
604 3363 646 3445 in
662 3363 892 3473 compulita
909 3367 1064 3446 ratione
1085 3361 1302 3448 mall‘arum
1321 3365 1364 3446 &
1384 3363 1525 3448 celeri.

271 3509 419 3584 tatum.
477 3487 543 3576 Ita
571 3487 662 3576 sane
678 3489 857 3580 unirersa
892 3515 996 3598 pene
1018 3490 1355 3578 Methanicorum
1380 3489 1533 3578 cohors

271 3615 415 3704 sentim
439 3619 614 3713 videar,
677 3615 763 3735 Qui
779 3645 882 3704 vero
905 3643 998 3703 cum
1024 3616 1182 3732 Illustri
1204 3615 1405 3706 Leibnitio
1439 3619 1522 3708 sen-

265 3749 407 3856 tiunt,
434 3750 554 3860 paulo
577 3749 688 3834 aliter
702 3749 900 3850 statuunt,
933 3751 1041 3834 vires
1063 3748 1150 3860 illas
1164 3749 1279 3835 vivas
1301 3750 1530 3864 incompo-

273 3879 342 3962 fita
361 3877 612 3966 efferatione
628 3873 844 3964 mariarum
866 3882 908 3964 dt
935 3877 1137 3990 duplicata
1153 3879 1417 3988 uelocitatum
1435 3909 1526 3968 cot-

270 4032 437 4120 pornm.
508 4007 628 4098 Hanc
645 4008 771 4094 thcfin
789 4007 1010 4094 Leilnittus
1027 3997 1207 4118 primum
1228 4006 1385 4095 inseruit
1411 4003 1530 4096 Attis

269 4133 434 4222 Erudit.
470 4135 603 4229 1686.
631 4165 721 4252 pag.
751 4135 857 4224 161.
878 4163 1049 4249 eamque
1069 4163 1122 4222 ex
1136 4139 1303 4250 gemino
1327 4139 1530 4250 principio

276 4267 442 4367 deduxit
477 4290 511 4354 1.
549 4265 654 4382 quod
682 4266 976 4383 unumquodque
1001 4283 1145 4380 corpas
1170 4293 1336 4378 grave,
1372 4268 1524 4357 abstra.

274 4389 406 4483 hendo
432 4397 483 4482 ab
498 4396 687 4483 omnibus
707 4417 841 4483 motus
865 4398 1167 4508 impedimentis
1185 4401 1361 4484 externis
1373 4453 1385 4504 ,
1398 4401 1523 4486 verti.

275 4523 421 4610 eadm
438 4525 604 4615 cadendo
619 4528 705 4612 vim
719 4526 912 4642 acquirat
931 4525 1155 4640 qsmtdendi
1174 4523 1365 4640 adipsum
1383 4528 1525 4614 altitu-

274 4651 423 4764 dime,
457 4680 508 4744 ex
536 4681 616 4772 qua
641 4655 790 4756 cecidit.
863 4681 912 4752 2.
939 4652 1150 4775 Quodvis
1185 4683 1267 4770 qua
1288 4653 1453 4772 opusest
1477 4655 1533 4744 ad

955 4782 1066 4898 A3
1449 4781 1523 4872 tle-
