4386 5980
733 427 831 559 μβ
896 360 900 368 1
1232 419 1543 570 Durum
1654 357 1716 480 '⁸'

737 659 789 718 ro
814 635 890 724 hae
914 632 1026 723 vrbis
1051 651 1210 744 portae.
1284 621 1423 718 Prima·
1446 625 1666 722 Driurdizi
1683 616 1832 752 Capuss,
1863 635 1987 733 nitere

704 761 908 878 -liyrclar
924 759 1073 881 captust,
1102 765 1212 850 tertia
1222 759 1426 850 Babulbab
1443 762 1507 848 seu
1519 772 1637 873 porta
1650 775 1872 875 panarum,
1905 797 1989 858 ma.

735 895 909 998 gnificat
925 892 1140 982 stnrdiurae
1155 917 1285 1002 opus,
1313 890 1423 1005 quod
1438 892 1562 978 adhuc
1581 909 1689 976 vetus
1704 917 1855 978 nomeu
1873 899 1984 986 urbia

636 1099 645 1112 .
735 1023 956 1110 conseruat.
1024 1023 1171 1109 Latum
1188 1022 1245 1105 est
1264 1018 1362 1106 duaa
1377 1021 1560 1129 orgyias,
1587 1021 1707 1106 altum
1729 1045 1881 1128 unam„
1910 1023 1978 1112 Su·

733 1155 867 1260 penius
896 1155 1018 1238 limen
1051 1176 1134 1235 non
1162 1173 1279 1236 arcus
1302 1152 1342 1234 in
1367 1150 1535 1234 modum
1560 1147 1751 1256 testudine
1786 1151 1980 1264 firmatur,

729 1275 799 1364 sed
814 1281 962 1389 lapides
978 1281 1165 1392 ingentes
1180 1278 1358 1390 postibus
1372 1280 1421 1364 ad
1434 1277 1742 1388 renosvmgnlos
1759 1281 1983 1396 inuitunuu,

731 1409 849 1492 nullia
862 1409 1010 1496 interse
1030 1404 1277 1494 ferramentis
1294 1397 1474 1500 deuindii.
1535 1406 1593 1492 ,In
1619 1403 1871 1496 subterranea
1885 1439 1982 1525 por·

730 1537 808 1622 nula
819 1534 1153 1650 (Babulkyiamar‚
1168 1549 1318 1649 portam
1335 1533 1500 1624 extremi
1513 1533 1982 1656 iudicduocaut)figurae,·

727 1667 919 1752 incertum
948 1695 999 1754 an
1022 1666 1379 1778 hieroglyphicae,
1419 1667 1586 1756 exstant.
1617 1657 1624 1670 '
1668 1659 1822 1757 Ferum
1838 1693 1979 1783 autem,

702 1855 707 1866 .
727 1796 936 1905 portulam
953 1799 1105 1907 aequali
1121 1821 1212 1880 cum
1227 1797 1374 1882 ceteris
1391 1795 1594 1880 altitudine
1613 1796 1848 1882 exstrudiam
1868 1805 1976 1910 paui.

727 1924 842 2012 latim
864 1924 1094 2028 subsedisse,
1112 1947 1154 2012 et
1173 1948 1264 2010 cum
1281 1944 1369 2010 tota
1388 1921 1675 2027 bardanem,
1705 1925 1928 2015 censorium
1939 1934 1982 2020 ii.

681 2128 684 2136 .
724 2051 803 2138 ium
830 2053 1006 2142 humano
1033 2055 1166 2170 generi
1193 2052 1331 2142 adfore
1364 2055 1493 2152 diem.
1555 2049 1633 2138 Ab
1662 2052 1762 2137 vrbe
1782 2060 1981 2165 profectus

724 2179 959 2272 Demetrius
980 2211 1054 2297 per
1066 2183 1219 2298 septem
1235 2181 1359 2268 stadia·
1375 2183 1616 2286 Ruthenica,
1636 2174 1703 2296 (ἢ
1718 2205 1763 2268 vt
1775 2185 1856 2296 ipse
1873 2193 1981 2280 testa.

552 2311 598 2382 .'
724 2328 814 2415 tur,
844 2341 1001 2401 murum
1018 2315 1256 2424 explorauit.
1324 2307 1516 2423 Adparet
1540 2309 1647 2398 euim
1674 2313 1874 2422 ambula,
1902 2345 1974 2408 ex·

722 2440 899 2548 ploratus
914 2444 966 2528 ab
980 2439 1150 2530 eofiuiffe
1174 2436 1293 2555 3285
1310 2445 1487 2556 orgyias,
1506 2468 1606 2554 quae
1622 2439 1794 2548 efficiunt
1810 2443 1880 2530 sex
1897 2450 1974 2536 sta-

721 2567 790 2653 dia
807 2591 846 2657 et
858 2570 1043 2660 ducentae
1060 2575 1264 2680 odioginta
1280 2576 1452 2684 quinque
1462 2575 1627 2684 orgyias
1642 2571 1809 2684 reliquae
1858 2573 1979 2666 Nam

721 2721 816 2784 cum
837 2699 991 2790 excelsa
1007 2707 1118 2816 iuga,
1138 2699 1349 2812 scrupeam
1363 2705 1475 2804 riam
1493 2722 1534 2788 et
1549 2698 1665 2788 saltus
1687 2701 1886 2814 vadesque
1903 2707 1976 2794 iiu-

721 2827 829 2916 diosn
848 2853 1066 2944 perreptat,
1081 2835 1176 2919 dun
1193 2835 1354 2919 metitur
1373 2857 1547 2936 murum,
1576 2831 1673 2916 dum
1691 2827 1759 2917 sub
1768 2836 1975 2922 meridiem

719 2981 1023 3070 torpuerunt,
1058 2962 1189 3051 eundo
1211 2962 1493 3074 redeundoque
1513 2963 1599 3048 diea
1613 2960 1780 3047 effluxit.
1844 2959 1976 3054 Addit

715 3091 913 3178 tamenin
940 3091 1093 3179 schedis
1123 3091 1388 3198 Demetrius,
1423 3113 1541 3179 certo
1576 3091 1790 3200 constare,
1818 3112 1972 3182 murum

715 3219 765 3304 ad
792 3219 922 3307 fontes
943 3221 1075 3308 Iiuani
1099 3219 1276 3307 fluminis
1293 3224 1336 3306 in
1364 3221 1514 3308 finibus
1537 3213 1749 3334 Georgiae
1777 3250 1851 3335 per
1874 3252 1972 3336 qua·

528 3429 534 3436 .
595 3365 599 3373 “
713 3347 919 3462 dringenta
964 3371 1005 3436 et
1040 3351 1314 3462 quinquaginta
1344 3353 1461 3438 stadia
1498 3351 1683 3460 produci.
1745 3348 1855 3438 lilius
1893 3378 1971 3464 ego

658 3587 661 3595 Ι
715 3477 887 3564 fluminis
943 3505 1093 3567 nomen
1157 3477 1343 3590 nusquam
1415 3485 1602 3568 iocorum
1663 3483 1704 3564 in
1763 3476 1969 3596 Georgiae

510 3645 516 3660 ·
713 3605 840 3692 iinite
856 3611 1047 3724 reperio,
1078 3609 1201 3723 igitur
1215 3611 1326 3697 venit
1346 3612 1443 3702 mihi
1460 3635 1516 3706 ex
1536 3609 1778 3700 dimeuiione
1797 3614 1860 3699 ilia
1876 3614 1962 3700 De.
1995 3689 1997 3694 ,

661 3753 664 3760 “
933 3783 936 3792 ‚
1069 3782 1072 3792 ·
1884 3767 1969 3828 me·

822 3991 890 4118 (ii)
946 3993 1133 4090 Stadium
1157 3994 1417 4088 Ruthenicum
1447 3998 1591 4086 dicitur
1627 4023 1792 4087 nenena
1828 3993 1959 4087 Varr-

527 4185 535 4201 .
692 4125 810 4240 fluet
837 4135 1001 4219 caninat
1040 4153 1133 4248 500
1172 4158 1348 4218 merua
1387 4127 1563 4245 Saschen
1577 4127 1651 4246 seu
1675 4113 1958 4250 Orgyiar'Ra-

705 4251 885 4346 mancas.
916 4259 962 4346 V
958 4287 1040 4347 amm
1062 4259 1224 4379 Sasrhen
1251 4263 1367 4351 habet
1403 4283 1442 4372 3.
1485 4247 1672 4383 apuruni)
1702 4261 1876 4380 Arscuu
1894 4258 1963 4368 fed

692 4382 818 4494 ¹ulnas
836 4389 1209 4484 Rauennatem
1220 4417 1297 4484 vna
1313 4391 1528 4483 Rraeheaica
1552 4393 1779 4518 ssaeqmlis
1795 4389 1858 4487 28
1875 4379 1963 4506 ,¹0¹0

701 4516 827 4634 egiris
843 4519 1146 4646 Londinensthus.
