4376 5952
447 475 1257 612 circumterminum·
1414 517 1478 629 ες
1614 455 1616 460 ’
1736 531 1755 554 ‚

207 757 252 830 nt
265 737 504 852 quantitates
521 757 675 842 motus,
702 733 959 846 quodtsmen
976 731 1200 830 aLea'bnittb
1215 757 1468 848 negatoqu-

197 896 284 986 vque
301 870 346 953 id
369 865 498 954 elide
514 891 595 979 quo
613 867 821 980 queritur„
846 863 1037 950 debuilset
1052 865 1185 976 itaque
1204 863 1353 951 abuti
1374 869 1465 982 ido-
1646 877 1647 880 ‘

207 1023 327 1088 neum
344 997 424 1084 suae
438 997 598 1084 theseos
615 995 1006 1082 demonstrationem
1020 989 1225 1112 proferre,
1237 996 1473 1110 priusquam

174 1127 178 1136 ’
206 1129 410 1222 Leibnitio
428 1127 596 1230 &aliis‚
632 1129 703 1240 qui
716 1122 846 1210 bacin
862 1149 909 1208 re
925 1149 1021 1207 cum
1040 1120 1124 1238 ipso
1143 1107 1319 1231 sentiunt,
1334 1127 1468 1213 nescio
1556 1129 1561 1136 ’
1700 1171 1704 1181 -

207 1285 302 1372 quas
319 1252 637 1344 contradictiones
650 1257 825 1367 aliasque
843 1249 1098 1365 absurditates
1115 1247 1328 1370 objiceret.
1392 1257 1472 1344 Vi-
1515 1355 1518 1360 f

208 1389 374 1475 debitur
399 1383 564 1473 fortaffe
589 1384 741 1472 dedille
764 1381 1150 1469 demonstrationem
1177 1382 1253 1470 suae
1272 1383 1465 1496 propofi·

207 1517 330 1606 bonis
350 1517 396 1602 in
413 1513 586 1630 sequenti
609 1515 787 1628 periodo
815 1537 901 1626 que
930 1512 986 1598 ita
1011 1510 1166 1598 babet:
1235 1505 1471 1620 „Galilaettt

209 1633 759 1760 insupposuionegratitatis
776 1639 1001 1755 uniformis,
1035 1641 1469 1768 demonstravitmo·„

278 1870 279 1873 q
307 1767 801 1890 Prqecloramfin‘mediis
824 1767 1227 1872 nonrefistentibus,
1259 1796 1422 1858 omnes-
1436 1826 1470 1880 ,‚

33 1970 37 1979 .
172 1935 174 1940 ·
206 1794 613 2022 mathematici,
642 1889 880 2018 nequidem
891 1893 963 1991 Cl.
983 1893 1172 1982 Lcibnt'tio
1188 1918 1399 2010 excepto,
1434 1953 1469 2008 „

203 2034 557 2154 propolitionibus
566 2027 655 2145 ejus
672 2019 944 2120 effenuuneit.
1005 2026 1209 2131 Junvero
1225 2025 1256 2114 fi
1271 2041 1468 2147 tempus„

206 2185 297 2274 quo
317 2159 651 2270 corpusspatium
669 2157 784 2244 suum
797 2155 1023 2272 perlabitur
1042 2156 1233 2266 inpetres
1260 2161 1469 2272 aequales„

208 2285 389 2378 diuisum
405 2287 677 2400 intelligatur3
696 2292 892 2400 quoniam
911 2283 1086 2395 grauitas
1105 2282 1318 2374 uniformis
1339 2291 1412 2397 est,
1435 2343 1469 2399 ‚,

209 2413 324 2530 etque
343 2416 447 2500 adeo
464 2413 681 2528 aequalibus
696 2413 1085 2526 temporispartibus
1097 2417 1300 2526 acqualiter
1316 2419 1417 2534 egit,
1434 2475 1468 2530 „

210 2563 375 2662 oportet
391 2562 433 2628 ut
449 2545 606 2630 actione
626 2547 691 2628 lua
711 2545 883 2656 corpori
900 2545 1115 2652 imprimat
1140 2546 1466 2660 impertiente„

208 2702 286 2792 que
298 2671 529 2790 temporibus
540 2672 898 2788 equalibus‚eires
903 2669 1193 2779 ,uelocitates,
1226 2692 1469 2794 metroque„
1521 2711 1522 2716 ¹
1587 2667 1591 2674 ’

206 2797 396 2922 equaba'
413 2857 447 2910 „
515 2797 596 2890 Sed
613 2801 703 2912 haec
719 2802 803 2914 ipsa
816 2801 1115 2914 consequentia,
1129 2823 1315 2916 quatenus
1331 2809 1381 2891 ad
1401 2811 1465 2894 ui-

211 2927 565 3052 resspeibatssalse
582 2934 719 3041 est‚ut
735 2955 879 3024 uerum
897 2932 980 3040 est,
1010 2933 1271 3046 temporibus
1299 2939 1464 3048 aquali-

210 3059 285 3150 bus
297 3117 311 3169 ,
340 3066 511 3176 aequales
542 3068 772 3155 celeritates
812 3084 1024 3180 monesque
1052 3066 1223 3176 aquales
1261 3069 1483 3181 grauitatis,
1530 3121 1574 3157 ,ι
1732 3133 1741 3144 ,

207 3193 429 3282 uniformis
488 3197 648 3285 afflone
706 3198 896 3284 continua
937 3195 1179 3310 'generari
1278 3194 1396 3286 Nam
1409 3199 1462 3284 sd
1504 3287 1507 3292 .

206 3319 476 3438 producenda
491 3324 725 3412 uelocitatis
736 3329 1006 3429 incrementa,
1029 3323 1202 3434 gravitas
1219 3325 1393 3432 perinde
1419 3352 1464 3413 a·
1530 3361 1534 3370 ·

207 3455 266 3562 git
282 3451 325 3536 in
344 3472 525 3561 corpora
544 3473 660 3538 mota
673 3479 721 3539 ac
739 3455 781 3537 in
806 3450 1071 3564 quiescentia3
1088 3448 1243 3535 adeout
1264 3454 1464 3562 tempori·

210 3579 285 3666 bus
313 3578 531 3692 equalibus
545 3582 715 3693 aequalia
729 3582 958 3668 uelocitatis
971 3582 1217 3667 incrementa
1227 3578 1373 3670 mobili
1392 3583 1476 3668 eda

211 3709 394 3796 iiciantut
424 3761 440 3813 ,
477 3706 563 3794 live
576 3711 620 3793 id
637 3713 678 3796 in
702 3729 822 3794 motu
847 3711 924 3814 lit,
956 3709 1036 3799 five
1054 3707 1237 3820 quiescat
1302 3705 1386 3796 Sed
1401 3739 1470 3802 res

210 3839 327 3926 aliter
348 3836 387 3922 se
409 3836 531 3923 habet
553 3840 818 3929 etun-uirium
843 3837 1140 3945 incrementis,
1175 3840 1217 3922 in
1233 3834 1342 3928 hisce
1355 3846 1470 3930 enim
1536 3845 1544 3853 “

210 3967 493 4078 computandis
506 3969 722 4064 celeritatis
733 3967 939 4080 presentis
951 3971 1055 4056 ratio
1068 3968 1127 4052 est
1145 3965 1360 4076 habenda,
1392 3995 1469 4059 nec

210 4099 296 4184 dici
306 4097 439 4208 potest
455 4095 544 4183 haec
559 4099 708 4184 virium
722 4099 972 4184 incrementa
984 4095 1067 4182 else
1081 4097 1461 4208 semplicitermtin·
1628 4094 1661 4110 ”

213 4245 418 4314 crementa
433 4230 656 4339 temporis,
685 4227 901 4338 sedpotius
925 4229 967 4311 in
989 4227 1220 4338 compofita
1240 4229 1399 4312 ratione
1414 4253 1468 4318 ex

213 4355 484 4440 eeleritatibus
500 4359 583 4442 iam
599 4357 797 4468 acquilitis
811 4361 853 4444 &
868 4359 1067 4468 temporis
1083 4357 1340 4464 incrementis
1359 4357 1470 4465 ;hoc

210 4483 270 4568 est
284 4487 581 4574 utincrementa
598 4484 848 4599 spatiorum,
875 4487 1070 4596 finempe
1087 4484 1223 4574 mallae
1238 4509 1468 4599 corporum

211 4613 383 4730 equales
415 4605 600 4724 metint,
632 4615 744 4732 quod
769 4615 956 4732 pluribus
989 4617 1076 4704 um
1101 4613 1216 4734 supra
1236 4613 1471 4737 probatum

226 4807 231 4814 -
824 4743 926 4838 En
1387 4745 1463 4840 eli.
1551 4775 1560 4788 ·
1723 4807 1727 4814 -
