4298 5952
1278 427 1305 474 a*

566 496 949 658 cnrnrrrnn.
1236 633 1242 647 Ι
1335 533 1428 636 273

168 741 219 838 usi
247 739 439 863 exemplo
461 739 657 828 cuiusdam
684 732 799 831 Senis
828 733 987 824 constat
1009 741 1038 796 ‘⁶
1071 734 1176 826 cuius
1200 736 1380 828 intestina
1399 795 1430 851 ,‚

12 871 14 880 ’
131 892 308 982 praeter
347 871 452 990 belle
483 869 702 982 conspicua
740 895 787 956 ac
811 866 1012 982 turgentia
1027 870 1119 956 uasa
1148 867 1342 979 chylifera
1370 925 1430 982 ,‚,

130 1067 132 1074 .
160 998 483 1114 srcqucnolsunos
510 999 650 1110 paffim
680 999 930 1086 candicantes
956 998 1182 1110 globulos,
1210 997 1377 1109 pannici
1396 1055 1427 1112 ‚‚
1536 1075 1550 1094 ,

159 1131 470 1244 magnitudinem
484 1149 685 1241 aequantes
705 1119 989 1234 continebant,
1001 1154 1055 1214 ex
1069 1151 1239 1242 quorum
1257 1129 1385 1243 singu·
1399 1194 1425 1242 ,‚

157 1259 203 1348 lis
217 1261 367 1373 lingula
386 1261 579 1372 chylisera
591 1257 740 1347 vascula
750 1255 1031 1366 emergebant,
1046 1258 1111 1370 qui
1130 1257 1276 1342 eodem
1285 1283 1375 1345 mo·
1394 1316 1424 1370 „

157 1387 213 1474 do
244 1393 457 1506 tingebant
477 1379 597 1510 atque:
612 1391 777 1500 ipsamet
813 1385 984 1480 vascula.
1048 1387 1208 1479 Verum
1235 1387 1330 1473 talia
1346 1415 1420 1476 ere·

156 1517 295 1631 empla
325 1520 514 1606 rarissnna
539 1519 622 1604 sunt
658 1544 668 1598 τ
723 1513 844 1606 Nam
874 1516 925 1602 ad
951 1517 1178 1604 liberiorem
1214 1514 1320 1623 chyli
1346 1545 1423 1630 per

156 1649 428 1762 angustissima
445 1653 487 1738 δι
504 1647 731 1759 compressa
749 1645 1076 1747 rasatranlitum‚
1099 1645 1185 1726 duo
1208 1644 1307 1726 ostia
1328 1672 1421 1732 cum

152 1777 309 1891 'duplici
328 1798 492 1864 trunco
514 1815 517 1824 ¹
538 1775 726 1864 concessa
769 1775 852 1860 sunt
888 1796 898 1852 t
946 1774 1028 1860 Etsr
1055 1797 1130 1856 una
1160 1771 1298 1856 harum
1332 1777 1415 1858 via-

150 1933 246 1993 rum
265 1905 429 2012 deficit‚
453 1930 525 2018 per
534 1906 699 1992 alteram
721 1904 868 2020 adhuc,
885 1921 1126 2015 quamquam
1141 1899 1316 2012 parcius,
1331 1901 1424 1990 suc·

152 2036 194 2120 ci
217 2033 364 2122 alibilie
382 2033 619 2145 dispensatio
638 2035 730 2119 fieri
744 2032 894 2147 potest.
946 2117 951 2135 ,

282 2207 285 2214 ·
332 2162 492 2285 Quibus
542 2163 739 2250 intestinis
774 2159 957 2248 concessa
978 2159 1054 2248 sint
1095 2157 1288 2270 chylifera
1320 2215 1334 2265 ,
1368 2188 1419 2252 an

150 2293 340 2382 omnibus
366 2290 594 2404 promiscue
617 2298 659 2383 br
684 2317 760 2405 qua
782 2290 1053 2404 proportione
1076 2352 1089 2399 ‚
1138 2316 1188 2376 an
1208 2293 1419 2404 gracilibus

1441 2229 1625 2358 laifino

150 2416 367 2511 duntaxat?
387 2423 429 2508 id
446 2423 656 2534 postremo
673 2418 1046 2532 expediendunest.
1109 2419 1412 2528 Degracilibus
1437 2369 1663 2516 ‘'affil‘fqi'

148 2553 257 2638 nulla
275 2555 443 2665 amplius
461 2553 505 2637 lis
524 2553 600 2660 est,
635 2577 716 2638 uno
733 2570 910 2662 excepto
929 2548 1132 2643 duodeno.
1198 2547 1322 2638 Circa
1339 2581 1402 2641 re-
1517 2630 1526 2649 .

146 2682 255 2792 liqua
271 2681 702 2772 aero-hocnotandum
718 2685 804 2791 est,
846 2680 1083 2792 etquidem
1111 2675 1308 2788 chyliferis
1323 2707 1406 2770 non
1433 2625 1643 2751 ΜΨ

1436 2517 1613 2592 aetenam

148 2811 306 2898 nonina
344 2864 358 2917 ‚
398 2813 467 2898 seu
493 2811 613 2920 thyro
640 2830 786 2898 raanan
813 2807 1005 2897 ramme
1029 2809 1269 2928 unenupb
1286 2838 1407 2924 quam
1424 2757 1532 2852 amr.

145 2939 312 3026 causam
331 2940 582 3052 inconspicua
608 2939 691 3025 suot
711 2963 926 3050 eorumque
945 2937 1148 3024 existentia
1182 2939 1410 3030 indubium

141 3090 375 3164 revocatur.
439 3069 490 3156 Id
507 3093 644 3156 veroa
663 3069 812 3182 duplici
832 3066 944 3156 causa
955 3067 1179 3179 provenire
1186 3071 1411 3182 putandum

146 3197 234 3284 est:
266 3195 452 3318 Quarum
469 3203 600 3312 prima
614 3200 693 3308 est,
716 3199 826 3312 quod
838 3223 921 3284 non
934 3196 1020 3284 satis
1038 3197 1140 3283 iusto
1150 3199 1240 3309 post
1255 3202 1411 3312 pastum
1552 3311 1557 3323 ¹

143 3327 358 3414 interuallo
375 3391 388 3434 ,
407 3325 503 3418 tales
518 3327 704 3417 homines
721 3330 957 3416 occidantur
975 3331 1016 3414 bc
1045 3331 1267 3438 aperiannu
1285 3355 1312 3440 3¹
1342 3331 1409 3418 rel

146 3457 258 3542 enim
273 3455 503 3546 distributio
523 3455 628 3567 chyli
649 3461 829 3569 perucia,
852 3458 917 3542 vel
927 3455 1120 3568 incipiens
1142 3457 1210 3542 est.
1243 3454 1319 3544 An
1331 3460 1409 3544 rni-

143 3609 236 3670 rum
265 3588 306 3671 in
332 3589 472 3674 oculos
502 3615 584 3674 non
607 3581 746 3676 uenire
773 3585 989 3674 crassorum
1015 3587 1286 3674 intestinomm
1302 3587 1398 3698 chy-

14 3757 30 3788 κ
144 3711 263 3799 lisera
280 3719 382 3804 adeo
407 3717 567 3827 dissita,
602 3717 653 3802 nd
693 3745 779 3830 quae
823 3717 939 3802 serius
977 3718 1019 3802 δι
1054 3717 1143 3827 post
1175 3715 1304 3802 l‘atiata
1332 3717 1403 3802 de·

144 3867 259 3928 mum
289 3847 437 3958 reliqua
465 3849 602 3938 omnia
640 3845 838 3934 descendit
864 3844 1034 3956 chylus:
1082 3842 1215 3931 Porro
1235 3845 1286 3932 ad
1301 3847 1409 3934 aliud

145 3971 476 4084 impedimentum
501 4029 515 4079 ,
549 3979 659 4088 quod
683 3978 905 4079 admodum
931 3971 1110 4060 sensibile
1132 3973 1253 4060 nobis
1277 3974 1409 4063 risum

145 4101 239 4204 est,
274 4101 339 4187 hic
359 4107 636 4224 attendendum
656 4107 741 4216 est,
789 4109 839 4192 ad
859 4101 1119 4190 differentiam
1151 4102 1301 4190 scilicet
1345 4107 1414 4224 ing
1533 4109 1535 4116 ’
1575 4131 1577 4138 ’

144 4228 407 4341 tostinum,
435 4238 533 4321 item
552 4237 827 4338 adsalutem
842 4233 1134 4344 chyliferorum·
1146 4231 1260 4344 super
1277 4260 1324 4319 ea
1344 4235 1404 4321 in·

144 4357 395 4450 cedentium.
460 4361 558 4482 Quo
576 4368 682 4449 enim
699 4366 832 4478 magis
847 4363 980 4450 versus
997 4363 1403 4451 fineminteslinorum
1468 4365 1473 4374 ’

142 4487 300 4576 accedis
319 4540 335 4598 ,
369 4517 421 4578 eo
442 4491 726 4603 chyliferorum
747 4519 934 4580 numerus
953 4493 1081 4600 magis
1100 4490 1308 4598 decrescit,
1337 4495 1399 4576 io-

710 4623 815 4710 Mm
1309 4643 1395 4707 cre-
