4312 5954
251 461 257 466 ’
371 493 1249 664 uoroausrrraancrur,
1316 523 1435 632 197

178 731 402 852 potentiis,
434 733 517 824 five
537 735 681 824 viribus
697 737 879 842 mortuis,
892 757 1055 848 quarum
1078 737 1121 823 ἀ
1142 736 1383 828 intcnfirates
1398 741 1442 828 C<

181 868 423 955 medones
435 921 449 972 ,
474 865 825 980 consequenter&
855 865 1074 955 celeritates
1092 855 1342 980 ‘exponantur
1362 887 1447 982 per
1533 925 1535 939 ι
1623 865 1626 874 ’

179 998 369 1084 latera&
388 998 637 1108 diagonalem
654 996 1017 1110 parallelogrammi
1036 997 1312 1112 cuiuscunque,
1340 1002 1448 1085 uires
1558 1008 1565 1012 “

178 1126 365 1216 laterales
382 1127 637 1240 aequipollent
652 1127 696 1213 ui
714 1125 926 1214 seecundun
945 1125 1216 1242 diagonalem.
1278 1126 1329 1216 Id
1344 1127 1438 1214 vul-

180 1283 238 1372 go
257 1259 416 1344 constat
448 1310 461 1363 ‚
488 1261 531 1344 δι
546 1255 663 1347 iama
686 1251 845 1345 Stratius
869 1254 1067 1368 usurpatur
1093 1283 1170 1370 pro
1193 1256 1344 1345 exinrio
1368 1256 1425 1344 sta

177 1391 282 1490 tices
315 1387 528 1500 principio.
628 1379 710 1474 Sed
737 1387 779 1472 in
807 1383 895 1473 casu
913 1389 1042 1500 anguli
1067 1389 1162 1476 redd
1181 1390 1345 1477 mettio
1357 1407 1437 1497 po-

176 1521 313 1606 tentiae
342 1520 452 1606 unitas
484 1540 567 1604 non
601 1519 736 1631 magis
760 1516 931 1628 impedit
956 1518 1217 1606 directionem
1241 1517 1438 1629 potentiae

175 1639 355 1754 alterius,
386 1673 509 1764 quam
526 1647 568 1731 in
585 1647 741 1734 uiribus
756 1649 858 1732 uiuis
880 1644 1026 1732 factm
1049 1647 1108 1731 est
1135 1680 1146 1734 z
1175 1647 1350 1758 Ergo&
1372 1643 1440 1736 hic
1603 1641 1610 1654 '

174 1780 359 1888 potentia
368 1777 556 1864 resultans
575 1776 800 1889 compotita
826 1773 951 1858 debet
967 1769 1047 1858 effe
1073 1792 1332 1886 aggregatam
1354 1797 1432 1883 po-

173 1911 387 1994 tentiarum
402 1905 634 1997 lateralium.
699 1902 750 1990 Id
770 1924 880 1990 uero
904 1899 962 1986 est
989 1899 1134 1987 contr'a
1173 1898 1427 2012 hypothefin:

170 2034 300 2148 igitur
318 2039 359 2120 in
377 2055 612 2144 argumento
628 2035 767 2118 uitium
783 2033 853 2124 est.
914 2024 1221 2146 Argumenttuu
1238 2027 1295 2114 est
1310 2027 1438 2119 limile

170 2165 303 2250 alteri
318 2161 371 2246 de
386 2159 534 2246 uiribus
552 2163 651 2246 uiuis
667 2191 678 2246 ε
693 2161 827 2275 ¹igitur
846 2162 889 2246 δι
902 2160 942 2246 iu
957 2161 1028 2248 illo
1051 2161 1193 2252 uitium
1210 2161 1294 2251 erit.
1365 2155 1430 2246 Si·
1570 2273 1577 2286 ἱ
1693 2179 1700 2190 ·

166 2277 324 2380 militer
338 2287 384 2376 de
400 2303 500 2374 motu
520 2287 667 2374 dixeris
690 2319 703 2376 ε
729 2288 879 2401 Neque
899 2291 1009 2375 enim
1027 2308 1164 2377 motus
1192 2287 1436 2398 compoiitus

167 2423 227 2507 est
257 2439 519 2532 aggregatam
547 2417 797 2533 fingularium
816 2449 831 2525 ·,
851 2409 935 2506 'etfi
951 2420 1003 2505 de
1019 2420 1262 2506 illo-ualeant
1280 2419 1433 2526 omnia,
1575 2531 1579 2539 ι

168 2575 261 2664 quae
280 2552 331 2634 de
348 2548 494 2650 uiribus
511 2545 613 2634 deta
630 2547 714 2644 sunt
729 2547 851 2640 uiuis.
915 2541 921 2553 ’

280 2661 477 2769 XXXII.
560 2657 833 2764 Detrahamus
847 2675 1034 2764 instantiis
1047 2675 1151 2764 histo
1167 2666 1426 2792 laruamfimi.
1598 2689 1604 2698 ·
1730 2722 1736 2732 -

165 2803 352 2926 Btudirrir.
379 2803 423 2894 Si
440 2799 521 2921 quis
536 2805 675 2894 imitari
690 2807 945 2894 ratiocinium
960 2807 1100 2914 gestiat
1119 2807 1317 2909 nostram,
1335 2806 1427 2890 imi-

167 2936 421 3052 teturserirm
445 2931 496 3036 li
520 2953 592 3046 30.
612 2937 895 3022 totumneceffe
914 2934 1172 3048 estralioquin
1188 2952 1315 3022 metus
1334 2935 1429 3039 erit,

168 3067 397 3156 refallatur
414 3064 456 3149 in
475 3066 737 3176 generalibus.
795 3065 1104 3178 'AEquipollentia
1132 3065 1194 3151 est
1224 3065 1424 3174 potentia-

167 3221 266 3306 rum
284 3197 326 3277 in
344 3192 432 3278 casu
451 3215 554 3277 mox
572 3213 801 3280 memorato
824 3192 864 3302 l.
892 3215 964 3304 31.
994 3198 1036 3280 &
1054 3193 1347 3307 aequipolientia
1373 3193 1429 3278 in-

166 3325 251 3412 fert
262 3315 555 3431 aequalitatem:
585 3318 738 3422 Fateor
755 3322 799 3405 id
819 3385 830 3428 ,
861 3320 927 3406 sed
944 3321 1078 3428 addo,
1099 3319 1364 3430 aequalitatem
1380 3326 1436 3404 a-'

168 3454 379 3556 edonem,
412 3475 489 3560 per
511 3452 550 3562 p.
570 3447 649 3537 26.
716 3449 843 3560 Igitur
867 3453 907 3533 in
936 3447 1022 3536 casu
1051 3447 1289 3534 obiectionis
1320 3444 1454 3534 datur

169 3581 371 3696 equalitas
390 3581 607 3668 actionum.
672 3572 872 3664 Concedo
890 3608 901 3664 :
921 3576 1061 3689 Atque
1070 3578 1113 3662 id
1123 3579 1179 3662 ita
1193 3575 1283 3680 effe,
1298 3573 1429 3661 osten·

172 3713 225 3796 do
243 3736 298 3816 ex
315 3705 595 3820 superioribus.
660 3699 862 3791 Adiiovis
878 3727 1050 3794 mortuae
1068 3706 1352 3794 aestimaturex
1371 3701 1426 3790 fa·
1497 3741 1501 3747 ⁴

174 3841 240 3926 eto
255 3837 488 3926 intensrtatis
502 3839 542 3922 in
557 3836 688 3921 uam:
713 3833 809 3924 Hoc
826 3832 974 3923 fadttun
991 3839 1206 3950 exponitur
1228 3859 1304 3946 per
1323 3858 1418 3944 qua-

175 3969 333 4058 dratum
357 3969 470 4056 lineae
496 3996 510 4074 3
540 3964 728 4076 fiqoidem
753 3990 827 4050 una
849 3966 1072 4077 eademque
1094 3967 1197 4051 linea
1220 3961 1420 4052 interfita-

172 4119 254 4186 tem
272 4089 441 4208 exponit
462 4095 676 4216 potentia,
697 4093 740 4178 &
758 4095 897 4186 viam.
924 4095 1005 4182 stur
1027 4093 1269 4179 celeritatem
1293 4089 1331 4195 d.
1351 4109 1424 4200 31.

173 4229 262 4316 Iam
280 4229 322 4312 in
345 4224 491 4336 angulo
517 4225 666 4326 red'to,
701 4245 956 4335 aggregatum
983 4223 1268 4334 quadratorum
1287 4219 1426 4306 latera-

173 4360 269 4446 litun
283 4355 339 4440 est
358 4349 508 4464 equale
523 4352 716 4466 quadrato
742 4343 927 4464 diagonii.
994 4354 1121 4465 Igitur
1138 4353 1274 4438 omnia
1297 4346 1340 4434 se
1355 4350 1424 4433 be·
1469 4339 1473 4347 ’

174 4514 225 4573 ne
238 4483 383 4570 habent
402 4485 508 4566 circa
529 4479 694 4568 alliones
721 4483 860 4570 virituu
883 4501 1161 4593 mortuarum3
1183 4505 1311 4595 neque
1329 4503 1425 4595 pce

173 4613 491 4714 censentanea,
517 4609 623 4700 rue
637 4607 818 4696 subruet.

209 4725 219 4740 '
756 4731 807 4828 rt
1039 4828 1042 4836 ,
1201 4729 1426 4834 xxxlv.
