4352 5962
306 483 407 614 on
429 503 664 630 Moneo
693 505 891 653 Vnam
921 503 1260 616 oratorum.
1349 518 1476 648 ,3⁶9

211 784 407 878 correpta
431 761 629 878 sanguinis
659 782 713 847 ex
744 756 921 850 brachiis
940 759 1190 876 pedibusque
1213 761 1476 878 detractione,

212 885 378 1011 aliisque
396 896 549 980 idoneis
569 891 877 984 medicamentis
895 895 945 979 ab·
958 899 1138 1006 ,spectaro
1148 949 1162 1000 ,
1183 897 1250 1008 qui
1265 899 1473 1006 allidebat,

213 1019 387 1122 Medico
409 1023 555 1138 Moyse
580 1021 759 1118 Coheno
788 1024 1028 1138 praescriptis
1053 1019 1220 1113 curatur.
1283 1029 1477 1118 Manente

103 1185 112 1198 ‘
212 1163 315 1248 uitio
334 1159 529 1246 mensium
543 1153 1470 1270 supprellioniscumuehementiventrisinten-

208 1293 346 1400 tione,
379 1314 644 1400 moeroreque
656 1311 752 1375 cum
764 1287 1192 1401 crebro‚·difficilique
1209 1285 1346 1402 spiritu
1372 1318 1471 1380 con-

189 1427 194 1437 '
213 1423 417 1516 citatarum
444 1419 676 1506 arteriarum
694 1420 892 1531 pulsibus,
919 1420 1293 1535 continentibusque
1317 1423 1470 1511 muscu-

212 1555 354 1644 lorum
373 1551 424 1637 ad
445 1549 610 1636 brachia
626 1549 920 1659 pertinentium
936 1549 1087 1661 exiguis
1104 1551 1362 1659 tremoribus,
1372 1579 1472 1639 con-

210 1687 420 1786 tinuanre,
445 1679 742 1766 medicamenta
758 1676 989 1764 mulieribus
1010 1678 1217 1790 hysterico
1235 1682 1388 1784 morbo
1412 1683 1470 1769 fe·

210 1842 259 1904 re
278 1813 515 1924 exanimatis
531 1806 708 1919 praberi
726 1805 845 1894 solita
865 1861 878 1911 ,
917 1811 959 1895 dt
986 1810 1226 1893 nominatim
1242 1813 1476 1922 remedium,

211 1947 279 2032 cui
301 1925 450 2029 uterirw
475 1937 785 2024 elixiri'nomen
812 1956 930 2024 autor
947 1932 1128 2026 Crollius
1140 1939 1352 2050 imposuit,
1370 1943 1472 2028 data

213 2069 300 2162 Sub
321 2097 375 2160 eo
401 2069 552 2156 auxilio
581 2068 796 2174 singultus,
821 2071 864 2156 ἀ
891 2069 1192 2181 cuiusquemodi
1210 2063 1370 2179 'generis
1394 2073 1477 2160 five

209 2204 378 2293 solidam
406 2254 419 2304 ‚
456 2199 539 2285 fir'e
560 2197 729 2285 fluidam
748 2193 923 2286 formam
939 2199 1170 2286 habentium
1190 2201 1486 2290 alimentorum·

212 2334 388 2424 uomitus
414 2349 580 2434 exortm
597 2327 686 2418 est:
719 2327 904 2415 adversus
932 2356 1051 2441 quem
1071 2331 1473 2440 medicamentorum,

212 2486 301 2556 tum
324 2455 464 2576 opium
490 2457 799 2571 recipientium,
840 2475 928 2544 tom
945 2455 1471 2551 uentriculurnconfirman-

211 2599 325 2704 tium,
337 2589 694 2702 compositionibus
712 2585 850 2678 frutra
865 2591 1025 2677 tentatis
1043 2618 1074 2694 ,·
1089 2615 1210 2704 quem
1234 2593 1368 2680 modo
1395 2593 1478 2680 lau.

212 2727 362 2814 dabam
374 2721 571 2828 Medicus,
578 2715 725 2807 diffisus
737 2719 895 2831 reliquis
912 2720 1120 2833 prandiis,
1137 2720 1187 2804 ad
1206 2723 1352 2826 gelidas
1363 2749 1417 2808 ex
1436 2749 1479 2808 a·

207 2879 309 2972 qua,
327 2855 366 2944 in
386 2875 465 2966 qua
484 2849 616 2938 modo
630 2847 912 2936 subacirlorum
938 2847 1170 2934 cerasorum
1191 2899 1205 2952 ,
1242 2855 1369 2940 modo
1393 2851 1472 2940 fra·

213 3009 373 3106 gotum,
391 2984 520 3071 modo
537 2982 800 3069 limoniorum
819 2975 1173 3087 malornmsuccus
1200 3002 1295 3066 cum
1314 2982 1479 3072 modica
1632 3085 1643 3094 .

211 3116 409 3232 portione
426 3111 568 3200 solutus
582 3130 687 3219 erat,
706 3109 891 3220 potiones
910 3107 1130 3223 prudenter
1149 3106 1330 3225 confugit
1350 3146 1360 3201 z
1392 3117 1480 3225 qui·

214 3249 310 3350 bus,
336 3245 377 3328 in
387 3240 586 3328 stomachi
598 3241 839 3328 resolutione
854 3241 1054 3328 uomitum
1064 3265 1189 3354 neque
1203 3243 1335 3330 calidis
1350 3269 1479 3356 neque

216 3372 414 3484 anodynis
436 3372 625 3460 remediis
638 3373 853 3458 cedentem
870 3370 1125 3460 conlundium
1140 3371 1344 3482 habente,
1370 3399 1481 3462 ame

128 3577 134 3586 .
213 3530 377 3624 quoque
398 3499 599 3615 prospero
613 3498 786 3588 snccellu
806 3524 889 3587 non
905 3500 1023 3588 semel
1043 3499 1260 3610 adhibitis,
1284 3491 1472 3593 consecu-

214 3657 275 3726 tus
290 3633 453 3750 quidem
468 3633 549 3739 est,
582 3648 628 3720 ut
648 3658 755 3748 agra
779 3634 822 3720 dt
841 3636 1078 3742 continere,
1110 3636 1153 3721 δι
1171 3655 1346 3746 torpuere
1365 3635 1483 3723 cibos

215 3763 346 3881 pollet
358 3828 370 3872 ,
381 3787 462 3851 non
482 3784 619 3851 tamen
631 3782 676 3850 ut
691 3765 838 3876 reliqua
855 3761 961 3848 mala
979 3758 1019 3848 se
1036 3763 1311 3852 remitterent:
1330 3767 1384 3852 ad
1395 3792 1479 3879 qua

216 3901 370 3988 ineunte
397 3889 616 3981 Autumno
634 3889 756 3982 Anni
781 3915 1087 3986 ctaraccxxtr
1118 3921 1256 3984 rerum
1284 3899 1511 4005 omnium,¹

215 4031 295 4122 fite
309 4026 413 4128 cibi,
442 4025 523 4111 srve
537 4043 682 4135 potos,
708 4025 786 4114 srve
802 4025 1089 4113 medicamenti
1103 4024 1275 4138 speciem
1296 4026 1484 4113 obtinen-

218 4163 341 4265 tium,
359 4154 507 4262 insigne
521 4149 736 4260 fastidium,
757 4157 881 4244 urinae
901 4155 1476 4271 supprelltoinexpngnabilis-

218 4315 297 4404 qne
316 4286 389 4371 alui
411 4285 606 4370 adstrictio
622 4286 831 4376 accessere.
894 4287 1159 4399 Eo'tempore
1181 4286 1409 4374 mollientia
1428 4311 1482 4374 o·
1583 4331 1587 4338 ·

217 4415 454 4520 lea,aliaque
474 4415 764 4504 medicamenta
781 4417 972 4506 ducendae
992 4418 1068 4504 alvi
1094 4415 1205 4504 causa
1224 4417 1392 4504 inanum
1407 4441 1482 4526 per

219 4545 438 4664 clysterem
454 4537 775 4652 infundebantur,
796 4571 904 4655 quae,
929 4571 1048 4658 quoru
1065 4549 1384 4664 repellerentur,
1407 4547 1475 4628 de-

765 4723 772 4740 ·
824 4669 941 4761 Aaa
1351 4669 1489 4790 spera-1
