<?xml version="1.0" encoding="UTF-8"?>
<!DOCTYPE html PUBLIC "-//W3C//DTD XHTML 1.0 Transitional//EN"
    "http://www.w3.org/TR/xhtml1/DTD/xhtml1-transitional.dtd">
<html xmlns="http://www.w3.org/1999/xhtml" xml:lang="en" lang="en">
 <head>
  <title>
</title>
<meta http-equiv="Content-Type" content="text/html;charset=utf-8" />
  <meta name='ocr-system' content='tesseract 3.04.00' />
  <meta name='ocr-capabilities' content='ocr_page ocr_carea ocr_par ocr_line ocrx_word'/>
</head>
<body>
  <div class='ocr_page' id='page_1' title='image "./commentariiacad02sssrgoog_0125.png"; bbox 0 0 4312 5954; ppageno 0'>
   <div class='ocr_carea' id='block_1_1' title="bbox 703 451 1741 600">
    <p class='ocr_par' dir='ltr' id='par_1_1' title="bbox 703 451 1741 600">
     <span class='ocr_line' id='line_1_1' title="bbox 703 451 1741 600; baseline -0.002 -37"><span class='ocrx_word' id='word_1_1' title='bbox 703 492 772 600; x_wconf 78' lang='lat'>94</span> <span class='ocrx_word' id='word_1_2' title='bbox 939 461 1042 562; x_wconf 83' lang='lat' dir='ltr'>or</span> <span class='ocrx_word' id='word_1_3' title='bbox 1076 451 1741 562; x_wconf 73' lang='lat' dir='ltr'>vrarruacoaroar</span> 
     </span>
    </p>
   </div>
   <div class='ocr_carea' id='block_1_2' title="bbox 656 675 1959 2496">
    <p class='ocr_par' dir='ltr' id='par_1_2' title="bbox 656 675 1959 2496">
     <span class='ocr_line' id='line_1_2' title="bbox 701 675 1955 814; baseline -0.006 -24"><span class='ocrx_word' id='word_1_4' title='bbox 701 703 823 798; x_wconf 89' lang='lat' dir='ltr'>Patet</span> <span class='ocrx_word' id='word_1_5' title='bbox 840 725 895 790; x_wconf 88' lang='lat' dir='ltr'>ex</span> <span class='ocrx_word' id='word_1_6' title='bbox 911 675 1207 814; x_wconf 74' lang='lat' dir='ltr'>eomposrtioue</span> <span class='ocrx_word' id='word_1_7' title='bbox 1222 691 1411 801; x_wconf 64' lang='lat' dir='ltr'>risuum,</span> <span class='ocrx_word' id='word_1_8' title='bbox 1424 691 1496 786; x_wconf 89' lang='lat' dir='ltr'>ubi</span> <span class='ocrx_word' id='word_1_9' title='bbox 1509 694 1618 786; x_wconf 80' lang='lat' dir='ltr'>uites</span> <span class='ocrx_word' id='word_1_10' title='bbox 1631 711 1803 814; x_wconf 71' lang='lat' dir='ltr'>mortue</span> <span class='ocrx_word' id='word_1_11' title='bbox 1816 697 1955 796; x_wconf 79' lang='lat' dir='ltr'>laten.</span> 
     </span>
     <span class='ocr_line' id='line_1_3' title="bbox 701 822 1959 944; baseline -0.002 -21"><span class='ocrx_word' id='word_1_12' title='bbox 701 837 795 923; x_wconf 87' lang='lat' dir='ltr'>liter</span> <span class='ocrx_word' id='word_1_13' title='bbox 809 831 1010 920; x_wconf 88' lang='lat' dir='ltr'>trahentes</span> <span class='ocrx_word' id='word_1_14' title='bbox 1027 853 1227 940; x_wconf 86' lang='lat' dir='ltr'>nunquam</span> <span class='ocrx_word' id='word_1_15' title='bbox 1242 822 1326 910; x_wconf 90' lang='lat' dir='ltr'>sunt</span> <span class='ocrx_word' id='word_1_16' title='bbox 1341 825 1513 941; x_wconf 76' lang='lat' dir='ltr'>equales</span> <span class='ocrx_word' id='word_1_17' title='bbox 1529 826 1654 914; x_wconf 85' lang='lat' dir='ltr'>tertiae</span> <span class='ocrx_word' id='word_1_18' title='bbox 1672 829 1890 944; x_wconf 78' lang='lat' dir='ltr'>diagonali,</span> <span class='ocrx_word' id='word_1_19' title='bbox 1902 836 1959 920; x_wconf 82' lang='lat' dir='ltr'>ni·</span> 
     </span>
     <span class='ocr_line' id='line_1_4' title="bbox 701 954 1952 1058; baseline 0.001 -8"><span class='ocrx_word' id='word_1_20' title='bbox 701 965 843 1052; x_wconf 87' lang='lat' dir='ltr'>licum</span> <span class='ocrx_word' id='word_1_21' title='bbox 861 964 945 1048; x_wconf 76' lang='lat' dir='ltr'>due</span> <span class='ocrx_word' id='word_1_22' title='bbox 962 959 1140 1058; x_wconf 72' lang='lat' dir='ltr'>laterales</span> <span class='ocrx_word' id='word_1_23' title='bbox 1158 954 1383 1044; x_wconf 87' lang='lat' dir='ltr'>coincidunt</span> <span class='ocrx_word' id='word_1_24' title='bbox 1392 956 1678 1054; x_wconf 72' lang='lat' dir='ltr'>directionibus</span> <span class='ocrx_word' id='word_1_25' title='bbox 1689 954 1765 1045; x_wconf 85' lang='lat' dir='ltr'>suis</span> <span class='ocrx_word' id='word_1_26' title='bbox 1776 962 1952 1052; x_wconf 86' lang='lat' dir='ltr'>inunanu</span> 
     </span>
     <span class='ocr_line' id='line_1_5' title="bbox 700 1076 1955 1203; baseline -0.011 -21"><span class='ocrx_word' id='word_1_27' title='bbox 700 1089 821 1182; x_wconf 91' lang='lat' dir='ltr'>Patet</span> <span class='ocrx_word' id='word_1_28' title='bbox 833 1089 1113 1179; x_wconf 87' lang='lat' dir='ltr'>machinarum</span> <span class='ocrx_word' id='word_1_29' title='bbox 1140 1087 1325 1170; x_wconf 89' lang='lat' dir='ltr'>omnium</span> <span class='ocrx_word' id='word_1_30' title='bbox 1342 1076 1560 1198; x_wconf 84' lang='lat' dir='ltr'>exemplis.</span> <span class='ocrx_word' id='word_1_31' title='bbox 1649 1086 1789 1202; x_wconf 89' lang='lat' dir='ltr'>ltaque</span> <span class='ocrx_word' id='word_1_32' title='bbox 1809 1093 1955 1203; x_wconf 78' lang='lat' dir='ltr'>aquili.</span> 
     </span>
     <span class='ocr_line' id='line_1_6' title="bbox 702 1215 1953 1336; baseline -0.002 -30"><span class='ocrx_word' id='word_1_33' title='bbox 702 1219 838 1310; x_wconf 88' lang='lat' dir='ltr'>brium</span> <span class='ocrx_word' id='word_1_34' title='bbox 858 1222 925 1306; x_wconf 80' lang='lat' dir='ltr'>uel</span> <span class='ocrx_word' id='word_1_35' title='bbox 947 1216 1251 1330; x_wconf 83' lang='lat' dir='ltr'>aequipollentia</span> <span class='ocrx_word' id='word_1_36' title='bbox 1270 1237 1352 1336; x_wconf 90' lang='lat' dir='ltr'>non</span> <span class='ocrx_word' id='word_1_37' title='bbox 1373 1215 1494 1303; x_wconf 85' lang='lat' dir='ltr'>infert</span> <span class='ocrx_word' id='word_1_38' title='bbox 1514 1215 1778 1328; x_wconf 77' lang='lat' dir='ltr'>aequalitatem</span> <span class='ocrx_word' id='word_1_39' title='bbox 1795 1221 1953 1320; x_wconf 78' lang='lat' dir='ltr'>uirium,</span> 
     </span>
     <span class='ocr_line' id='line_1_7' title="bbox 699 1343 1944 1461; baseline -0.011 -23"><span class='ocrx_word' id='word_1_40' title='bbox 699 1350 828 1445; x_wconf 82' lang='lat' dir='ltr'>Recte</span> <span class='ocrx_word' id='word_1_41' title='bbox 845 1353 917 1438; x_wconf 87' lang='lat' dir='ltr'>ista</span> <span class='ocrx_word' id='word_1_42' title='bbox 936 1350 1125 1460; x_wconf 84' lang='lat' dir='ltr'>quidem:</span> <span class='ocrx_word' id='word_1_43' title='bbox 1156 1343 1222 1432; x_wconf 91' lang='lat' dir='ltr'>sed</span> <span class='ocrx_word' id='word_1_44' title='bbox 1239 1343 1394 1458; x_wconf 76' lang='lat' dir='ltr'>adiungo</span> <span class='ocrx_word' id='word_1_45' title='bbox 1408 1399 1421 1450; x_wconf 87' lang='lat'><strong>,</strong></span> <span class='ocrx_word' id='word_1_46' title='bbox 1435 1344 1716 1458; x_wconf 65' lang='lat' dir='ltr'>‚equilibrium</span> <span class='ocrx_word' id='word_1_47' title='bbox 1738 1347 1805 1434; x_wconf 81' lang='lat' dir='ltr'>uel</span> <span class='ocrx_word' id='word_1_48' title='bbox 1825 1351 1944 1461; x_wconf 85' lang='lat' dir='ltr'>aequi.</span> 
     </span>
     <span class='ocr_line' id='line_1_8' title="bbox 698 1475 1952 1592; baseline -0.001 -28"><span class='ocrx_word' id='word_1_49' title='bbox 698 1483 941 1592; x_wconf 77' lang='lat' dir='ltr'>pollentiam</span> <span class='ocrx_word' id='word_1_50' title='bbox 958 1478 1110 1564; x_wconf 86' lang='lat' dir='ltr'>inferre</span> <span class='ocrx_word' id='word_1_51' title='bbox 1125 1475 1391 1586; x_wconf 82' lang='lat' dir='ltr'>aequalitatem</span> <span class='ocrx_word' id='word_1_52' title='bbox 1414 1501 1597 1588; x_wconf 88' lang='lat' dir='ltr'>quoque,</span> <span class='ocrx_word' id='word_1_53' title='bbox 1618 1475 1952 1590; x_wconf 81' lang='lat' dir='ltr'>srminusvirium,</span> 
     </span>
     <span class='ocr_line' id='line_1_9' title="bbox 698 1599 1947 1722; baseline -0.013 -22"><span class='ocrx_word' id='word_1_54' title='bbox 698 1629 834 1700; x_wconf 86' lang='lat' dir='ltr'>tamen</span> <span class='ocrx_word' id='word_1_55' title='bbox 846 1610 1064 1699; x_wconf 82' lang='lat' dir='ltr'>actionum.</span> <span class='ocrx_word' id='word_1_56' title='bbox 1085 1606 1165 1698; x_wconf 78' lang='lat' dir='ltr'>vid.</span> <span class='ocrx_word' id='word_1_57' title='bbox 1186 1599 1356 1694; x_wconf 62' lang='lat' dir='ltr'>dccxl.</span> <span class='ocrx_word' id='word_1_58' title='bbox 1369 1599 1476 1696; x_wconf 85' lang='lat' dir='ltr'>Sect.</span> <span class='ocrx_word' id='word_1_59' title='bbox 1496 1626 1536 1700; x_wconf 87' lang='lat'>1.</span> <span class='ocrx_word' id='word_1_60' title='bbox 1610 1601 1704 1694; x_wconf 88' lang='lat' dir='ltr'>Non</span> <span class='ocrx_word' id='word_1_61' title='bbox 1717 1605 1865 1722; x_wconf 71' lang='lat' dir='ltr'>ppffiurt</span> <span class='ocrx_word' id='word_1_62' title='bbox 1883 1611 1947 1696; x_wconf 79' lang='lat' dir='ltr'>oi.</span> 
     </span>
     <span class='ocr_line' id='line_1_10' title="bbox 697 1723 1959 1854; baseline -0.002 -27"><span class='ocrx_word' id='word_1_63' title='bbox 697 1736 1029 1854; x_wconf 75' lang='lat' dir='ltr'>resequipollere,</span> <span class='ocrx_word' id='word_1_64' title='bbox 1059 1731 1386 1846; x_wconf 73' lang='lat' dir='ltr'>mfialliooirium</span> <span class='ocrx_word' id='word_1_65' title='bbox 1405 1757 1457 1836; x_wconf 81' lang='lat' dir='ltr'>ex</span> <span class='ocrx_word' id='word_1_66' title='bbox 1472 1759 1552 1838; x_wconf 76' lang='lat' dir='ltr'>una</span> <span class='ocrx_word' id='word_1_67' title='bbox 1562 1745 1682 1850; x_wconf 82' lang='lat' dir='ltr'>parte</span> <span class='ocrx_word' id='word_1_68' title='bbox 1701 1750 1881 1851; x_wconf 75' lang='lat' dir='ltr'>aquetur</span> <span class='ocrx_word' id='word_1_69' title='bbox 1899 1723 1959 1825; x_wconf 82' lang='lat' dir='ltr'>a·¹</span> 
     </span>
     <span class='ocr_line' id='line_1_11' title="bbox 697 1861 1947 1982; baseline -0.001 -28"><span class='ocrx_word' id='word_1_70' title='bbox 697 1863 804 1954; x_wconf 69' lang='lat' dir='ltr'>diuzi</span> <span class='ocrx_word' id='word_1_71' title='bbox 815 1895 867 1954; x_wconf 88' lang='lat' dir='ltr'>ex</span> <span class='ocrx_word' id='word_1_72' title='bbox 883 1865 1035 1958; x_wconf 81' lang='lat' dir='ltr'>altera.</span> <span class='ocrx_word' id='word_1_73' title='bbox 1102 1861 1149 1948; x_wconf 87' lang='lat' dir='ltr'>Si</span> <span class='ocrx_word' id='word_1_74' title='bbox 1168 1861 1348 1949; x_wconf 78' lang='lat' dir='ltr'>uunores</span> <span class='ocrx_word' id='word_1_75' title='bbox 1372 1861 1519 1950; x_wconf 79' lang='lat' dir='ltr'>fiteriot</span> <span class='ocrx_word' id='word_1_76' title='bbox 1543 1867 1672 1972; x_wconf 85' lang='lat' dir='ltr'>vires,</span> <span class='ocrx_word' id='word_1_77' title='bbox 1693 1865 1849 1977; x_wconf 85' lang='lat' dir='ltr'>pollunt</span> <span class='ocrx_word' id='word_1_78' title='bbox 1873 1894 1947 1982; x_wconf 86' lang='lat' dir='ltr'>ap-</span> 
     </span>
     <span class='ocr_line' id='line_1_12' title="bbox 696 1993 1952 2110; baseline 0.002 -28"><span class='ocrx_word' id='word_1_79' title='bbox 696 1997 844 2108; x_wconf 90' lang='lat' dir='ltr'>plicari</span> <span class='ocrx_word' id='word_1_80' title='bbox 858 1993 1135 2101; x_wconf 80' lang='lat' dir='ltr'>favorabilius,</span> <span class='ocrx_word' id='word_1_81' title='bbox 1159 1994 1322 2078; x_wconf 84' lang='lat' dir='ltr'>utactio</span> <span class='ocrx_word' id='word_1_82' title='bbox 1338 1993 1496 2085; x_wconf 86' lang='lat' dir='ltr'>illarum</span> <span class='ocrx_word' id='word_1_83' title='bbox 1513 1994 1645 2088; x_wconf 87' lang='lat' dir='ltr'>maior</span> <span class='ocrx_word' id='word_1_84' title='bbox 1661 2015 1864 2110; x_wconf 84' lang='lat' dir='ltr'>emergat:</span> <span class='ocrx_word' id='word_1_85' title='bbox 1881 1999 1952 2084; x_wconf 81' lang='lat' dir='ltr'>ita·</span> 
     </span>
     <span class='ocr_line' id='line_1_13' title="bbox 697 2121 1949 2239; baseline 0.003 -29"><span class='ocrx_word' id='word_1_86' title='bbox 697 2151 776 2238; x_wconf 88' lang='lat' dir='ltr'>que</span> <span class='ocrx_word' id='word_1_87' title='bbox 790 2125 945 2239; x_wconf 79' lang='lat' dir='ltr'>potsunt</span> <span class='ocrx_word' id='word_1_88' title='bbox 955 2124 1236 2238; x_wconf 76' lang='lat' dir='ltr'>aequipollere,</span> <span class='ocrx_word' id='word_1_89' title='bbox 1262 2145 1348 2232; x_wconf 81' lang='lat' dir='ltr'>que</span> <span class='ocrx_word' id='word_1_90' title='bbox 1365 2145 1449 2208; x_wconf 89' lang='lat' dir='ltr'>non</span> <span class='ocrx_word' id='word_1_91' title='bbox 1470 2121 1555 2228; x_wconf 88' lang='lat' dir='ltr'>sunt</span> <span class='ocrx_word' id='word_1_92' title='bbox 1569 2127 1751 2238; x_wconf 83' lang='lat' dir='ltr'>aequales.</span> <span class='ocrx_word' id='word_1_93' title='bbox 1781 2121 1893 2231; x_wconf 86' lang='lat' dir='ltr'>Sed,</span> <span class='ocrx_word' id='word_1_94' title='bbox 1920 2125 1949 2214; x_wconf 87' lang='lat' dir='ltr'>li</span> 
     </span>
     <span class='ocr_line' id='line_1_14' title="bbox 695 2251 1942 2371; baseline 0.001 -30"><span class='ocrx_word' id='word_1_95' title='bbox 695 2257 805 2344; x_wconf 87' lang='lat' dir='ltr'>actio</span> <span class='ocrx_word' id='word_1_96' title='bbox 823 2253 869 2342; x_wconf 86' lang='lat' dir='ltr'>lit</span> <span class='ocrx_word' id='word_1_97' title='bbox 885 2279 940 2338; x_wconf 86' lang='lat' dir='ltr'>ex</span> <span class='ocrx_word' id='word_1_98' title='bbox 954 2255 1135 2339; x_wconf 88' lang='lat' dir='ltr'>alterutra</span> <span class='ocrx_word' id='word_1_99' title='bbox 1148 2267 1268 2361; x_wconf 86' lang='lat' dir='ltr'>parte</span> <span class='ocrx_word' id='word_1_100' title='bbox 1282 2252 1446 2368; x_wconf 72' lang='lat' dir='ltr'>nudor,</span> <span class='ocrx_word' id='word_1_101' title='bbox 1472 2251 1567 2338; x_wconf 90' lang='lat' dir='ltr'><strong>nihil</strong></span> <span class='ocrx_word' id='word_1_102' title='bbox 1590 2255 1807 2371; x_wconf 40' lang='lat' dir='ltr'>estpquod</span> <span class='ocrx_word' id='word_1_103' title='bbox 1835 2253 1942 2342; x_wconf 89' lang='lat' dir='ltr'>defe-</span> 
     </span>
     <span class='ocr_line' id='line_1_15' title="bbox 656 2380 1947 2496; baseline 0.002 -28"><span class='ocrx_word' id='word_1_104' title='bbox 656 2475 659 2484; x_wconf 54' lang='grc'>,</span> <span class='ocrx_word' id='word_1_105' title='bbox 697 2406 807 2470; x_wconf 87' lang='lat' dir='ltr'>ctum</span> <span class='ocrx_word' id='word_1_106' title='bbox 822 2381 1025 2495; x_wconf 82' lang='lat' dir='ltr'>lbpplere,</span> <span class='ocrx_word' id='word_1_107' title='bbox 1060 2387 1100 2470; x_wconf 90' lang='lat'>&amp;</span> <span class='ocrx_word' id='word_1_108' title='bbox 1115 2380 1297 2490; x_wconf 84' lang='lat' dir='ltr'>redigere</span> <span class='ocrx_word' id='word_1_109' title='bbox 1310 2402 1525 2494; x_wconf 86' lang='lat' dir='ltr'>utrumque</span> <span class='ocrx_word' id='word_1_110' title='bbox 1547 2382 1645 2470; x_wconf 85' lang='lat' dir='ltr'>latus</span> <span class='ocrx_word' id='word_1_111' title='bbox 1665 2385 1717 2472; x_wconf 90' lang='lat' dir='ltr'>ad</span> <span class='ocrx_word' id='word_1_112' title='bbox 1744 2385 1947 2496; x_wconf 61' lang='lat' dir='ltr'>aequipob</span> 
     </span>
    </p>
   </div>
   <div class='ocr_carea' id='block_1_3' title="bbox 538 2507 1949 2628">
    <p class='ocr_par' dir='ltr' id='par_1_3' title="bbox 538 2507 1949 2628">
     <span class='ocr_line' id='line_1_16' title="bbox 538 2507 1949 2628; baseline -0.001 -28"><span class='ocrx_word' id='word_1_113' title='bbox 538 2603 543 2612; x_wconf 74' lang='grc'><strong>,</strong></span> <span class='ocrx_word' id='word_1_114' title='bbox 668 2615 672 2618; x_wconf 41' lang='grc'><strong>,</strong></span> <span class='ocrx_word' id='word_1_115' title='bbox 694 2511 863 2600; x_wconf 88' lang='lat' dir='ltr'>lentiam</span> <span class='ocrx_word' id='word_1_116' title='bbox 881 2510 1014 2623; x_wconf 83' lang='lat' dir='ltr'>pollrt.</span> <span class='ocrx_word' id='word_1_117' title='bbox 1061 2507 1175 2628; x_wconf 90' lang='lat' dir='ltr'>Quid</span> <span class='ocrx_word' id='word_1_118' title='bbox 1191 2508 1283 2598; x_wconf 90' lang='lat' dir='ltr'>inde</span> <span class='ocrx_word' id='word_1_119' title='bbox 1304 2511 1515 2612; x_wconf 73' lang='lat' dir='ltr'>conficitur</span> <span class='ocrx_word' id='word_1_120' title='bbox 1534 2539 1548 2624; x_wconf 76' lang='lat'>3</span> <span class='ocrx_word' id='word_1_121' title='bbox 1568 2509 1781 2602; x_wconf 82' lang='lat' dir='ltr'>Nimirum</span> <span class='ocrx_word' id='word_1_122' title='bbox 1790 2513 1887 2618; x_wconf 89' lang='lat' dir='ltr'>hoc,</span> <span class='ocrx_word' id='word_1_123' title='bbox 1914 2515 1949 2610; x_wconf 82' lang='lat' dir='ltr'>fi</span> 
     </span>
    </p>
   </div>
   <div class='ocr_carea' id='block_1_4' title="bbox 695 2633 1950 2762">
    <p class='ocr_par' dir='ltr' id='par_1_4' title="bbox 695 2633 1950 2762">
     <span class='ocr_line' id='line_1_17' title="bbox 695 2633 1950 2762; baseline 0.004 -36"><span class='ocrx_word' id='word_1_124' title='bbox 695 2665 751 2730; x_wconf 84' lang='lat' dir='ltr'>ex</span> <span class='ocrx_word' id='word_1_125' title='bbox 775 2639 1073 2754; x_wconf 84' lang='lat' dir='ltr'>aequipollentia</span> <span class='ocrx_word' id='word_1_126' title='bbox 1099 2633 1137 2746; x_wconf 70' lang='lat' dir='ltr'>l.</span> <span class='ocrx_word' id='word_1_127' title='bbox 1171 2660 1229 2754; x_wconf 68' lang='grc' dir='ltr'>ας</span> <span class='ocrx_word' id='word_1_128' title='bbox 1241 2713 1250 2731; x_wconf 93' lang='grc'><strong>.</strong></span> <span class='ocrx_word' id='word_1_129' title='bbox 1275 2637 1432 2742; x_wconf 81' lang='lat' dir='ltr'>ostensa</span> <span class='ocrx_word' id='word_1_130' title='bbox 1457 2643 1655 2762; x_wconf 77' lang='lat' dir='ltr'>colligere</span> <span class='ocrx_word' id='word_1_131' title='bbox 1682 2643 1950 2756; x_wconf 69' lang='lat' dir='ltr'>equalitatem</span> 
     </span>
    </p>
   </div>
   <div class='ocr_carea' id='block_1_5' title="bbox 694 2765 2079 2888">
    <p class='ocr_par' dir='ltr' id='par_1_5' title="bbox 694 2765 2079 2888">
     <span class='ocr_line' id='line_1_18' title="bbox 694 2765 2079 2888; baseline 0.006 -32"><span class='ocrx_word' id='word_1_132' title='bbox 694 2769 927 2859; x_wconf 85' lang='lat' dir='ltr'>instituimus</span> <span class='ocrx_word' id='word_1_133' title='bbox 942 2825 958 2879; x_wconf 90' lang='lat'>,</span> <span class='ocrx_word' id='word_1_134' title='bbox 1002 2771 1057 2859; x_wconf 84' lang='lat' dir='ltr'>ad</span> <span class='ocrx_word' id='word_1_135' title='bbox 1070 2765 1226 2860; x_wconf 68' lang='lat' dir='ltr'>autores</span> <span class='ocrx_word' id='word_1_136' title='bbox 1242 2767 1386 2859; x_wconf 86' lang='lat' dir='ltr'>hatum</span> <span class='ocrx_word' id='word_1_137' title='bbox 1401 2773 1539 2859; x_wconf 63' lang='lat' dir='ltr'>orium</span> <span class='ocrx_word' id='word_1_138' title='bbox 1556 2773 1726 2888; x_wconf 84' lang='lat' dir='ltr'>proprie</span> <span class='ocrx_word' id='word_1_139' title='bbox 1743 2775 1946 2864; x_wconf 57' lang='lat' dir='ltr'>attendere</span> <span class='ocrx_word' id='word_1_140' title='bbox 2076 2863 2079 2870; x_wconf 76' lang='grc'>,</span> 
     </span>
    </p>
   </div>
   <div class='ocr_carea' id='block_1_6' title="bbox 688 2899 1948 3789">
    <p class='ocr_par' dir='ltr' id='par_1_6' title="bbox 694 2899 1119 2996">
     <span class='ocr_line' id='line_1_19' title="bbox 694 2899 1119 2996; baseline -0.002 -7"><span class='ocrx_word' id='word_1_141' title='bbox 694 2899 793 2989; x_wconf 89' lang='lat' dir='ltr'>dum</span> <span class='ocrx_word' id='word_1_142' title='bbox 809 2901 902 2996; x_wconf 83' lang='lat' dir='ltr'>ess&#39;e.</span> <span class='ocrx_word' id='word_1_143' title='bbox 1117 2953 1119 2958; x_wconf 94' lang='lat'>·</span> 
     </span>
    </p>

    <p class='ocr_par' dir='ltr' id='par_1_7' title="bbox 688 3021 1948 3789">
     <span class='ocr_line' id='line_1_20' title="bbox 802 3021 1939 3150; baseline 0 -30"><span class='ocrx_word' id='word_1_144' title='bbox 802 3025 1001 3126; x_wconf 87' lang='lat' dir='ltr'>XXVII.</span> <span class='ocrx_word' id='word_1_145' title='bbox 1063 3021 1223 3146; x_wconf 80' lang='lat' dir='ltr'>Duplex</span> <span class='ocrx_word' id='word_1_146' title='bbox 1256 3051 1389 3120; x_wconf 88' lang='lat' dir='ltr'>autem</span> <span class='ocrx_word' id='word_1_147' title='bbox 1423 3027 1493 3118; x_wconf 85' lang='lat' dir='ltr'>hic</span> <span class='ocrx_word' id='word_1_148' title='bbox 1518 3029 1699 3150; x_wconf 60' lang='lat' dir='ltr'>respectus</span> <span class='ocrx_word' id='word_1_149' title='bbox 1719 3033 1851 3120; x_wconf 91' lang='lat' dir='ltr'>denuo</span> <span class='ocrx_word' id='word_1_150' title='bbox 1877 3033 1939 3120; x_wconf 90' lang='lat' dir='ltr'>in-</span> 
     </span>
     <span class='ocr_line' id='line_1_21' title="bbox 691 3154 1948 3274; baseline 0.002 -25"><span class='ocrx_word' id='word_1_151' title='bbox 691 3154 904 3249; x_wconf 75' lang='lat' dir='ltr'>volvito:</span> <span class='ocrx_word' id='word_1_152' title='bbox 935 3159 1057 3248; x_wconf 88' lang='lat' dir='ltr'>semel</span> <span class='ocrx_word' id='word_1_153' title='bbox 1072 3161 1350 3272; x_wconf 88' lang='lat' dir='ltr'>inquirendum</span> <span class='ocrx_word' id='word_1_154' title='bbox 1367 3162 1457 3266; x_wconf 87' lang='lat' dir='ltr'>est,</span> <span class='ocrx_word' id='word_1_155' title='bbox 1497 3161 1714 3274; x_wconf 92' lang='lat' dir='ltr'>quomodo</span> <span class='ocrx_word' id='word_1_156' title='bbox 1739 3160 1818 3250; x_wconf 87' lang='lat' dir='ltr'>sese</span> <span class='ocrx_word' id='word_1_157' title='bbox 1839 3166 1948 3251; x_wconf 76' lang='lat' dir='ltr'>vires</span> 
     </span>
     <span class='ocr_line' id='line_1_22' title="bbox 692 3285 1946 3407; baseline 0.002 -32"><span class='ocrx_word' id='word_1_158' title='bbox 692 3315 808 3404; x_wconf 82' lang='lat' dir='ltr'>purae</span> <span class='ocrx_word' id='word_1_159' title='bbox 824 3289 985 3405; x_wconf 82' lang='lat' dir='ltr'>sangulae</span> <span class='ocrx_word' id='word_1_160' title='bbox 1004 3287 1177 3379; x_wconf 77' lang='lat' dir='ltr'>habeam</span> <span class='ocrx_word' id='word_1_161' title='bbox 1193 3289 1347 3407; x_wconf 78' lang='lat' dir='ltr'>adfitas</span> <span class='ocrx_word' id='word_1_162' title='bbox 1365 3285 1712 3400; x_wconf 60' lang='lat' dir='ltr'>adilonemdeinde,</span> <span class='ocrx_word' id='word_1_163' title='bbox 1732 3293 1946 3406; x_wconf 92' lang='lat' dir='ltr'>quomodo</span> 
     </span>
     <span class='ocr_line' id='line_1_23' title="bbox 691 3419 1947 3536; baseline 0.003 -30"><span class='ocrx_word' id='word_1_164' title='bbox 691 3419 732 3506; x_wconf 90' lang='lat' dir='ltr'>se</span> <span class='ocrx_word' id='word_1_165' title='bbox 752 3419 857 3508; x_wconf 81' lang='lat' dir='ltr'>uires</span> <span class='ocrx_word' id='word_1_166' title='bbox 875 3422 917 3508; x_wconf 87' lang='lat' dir='ltr'>in</span> <span class='ocrx_word' id='word_1_167' title='bbox 937 3442 1054 3508; x_wconf 89' lang='lat' dir='ltr'>motu</span> <span class='ocrx_word' id='word_1_168' title='bbox 1078 3421 1310 3536; x_wconf 88' lang='lat' dir='ltr'>compofito</span> <span class='ocrx_word' id='word_1_169' title='bbox 1333 3421 1602 3508; x_wconf 66' lang='lat' dir='ltr'>concurrentes*</span> <span class='ocrx_word' id='word_1_170' title='bbox 1624 3424 1667 3520; x_wconf 83' lang='lat' dir='ltr'>iu</span> <span class='ocrx_word' id='word_1_171' title='bbox 1695 3426 1856 3511; x_wconf 87' lang='lat' dir='ltr'>actione</span> <span class='ocrx_word' id='word_1_172' title='bbox 1881 3420 1947 3510; x_wconf 85' lang='lat' dir='ltr'>sua</span> 
     </span>
     <span class='ocr_line' id='line_1_24' title="bbox 689 3547 1941 3670; baseline 0.005 -33"><span class='ocrx_word' id='word_1_173' title='bbox 689 3547 863 3637; x_wconf 87' lang='lat' dir='ltr'>babeant</span> <span class='ocrx_word' id='word_1_174' title='bbox 882 3547 995 3666; x_wconf 70' lang='lat' dir='ltr'>adse</span> <span class='ocrx_word' id='word_1_175' title='bbox 1009 3549 1175 3646; x_wconf 81' lang='lat' dir='ltr'>invicem,</span> <span class='ocrx_word' id='word_1_176' title='bbox 1250 3549 1466 3670; x_wconf 81' lang='lat' dir='ltr'>Quoniam</span> <span class='ocrx_word' id='word_1_177' title='bbox 1478 3554 1582 3638; x_wconf 85' lang='lat' dir='ltr'>vires</span> <span class='ocrx_word' id='word_1_178' title='bbox 1598 3553 1703 3638; x_wconf 77' lang='lat' dir='ltr'>vive</span> <span class='ocrx_word' id='word_1_179' title='bbox 1723 3581 1830 3666; x_wconf 78' lang='lat' dir='ltr'>pure</span> <span class='ocrx_word' id='word_1_180' title='bbox 1845 3553 1941 3642; x_wconf 85' lang='lat' dir='ltr'>fim-</span> 
     </span>
     <span class='ocr_line' id='line_1_25' title="bbox 688 3677 1941 3789; baseline -0.002 -28"><span class='ocrx_word' id='word_1_181' title='bbox 688 3677 1003 3789; x_wconf 68' lang='lat' dir='ltr'>pliceecorpori</span> <span class='ocrx_word' id='word_1_182' title='bbox 1016 3680 1133 3764; x_wconf 88' lang='lat' dir='ltr'>alicui</span> <span class='ocrx_word' id='word_1_183' title='bbox 1150 3682 1203 3764; x_wconf 84' lang='lat' dir='ltr'>ita</span> <span class='ocrx_word' id='word_1_184' title='bbox 1216 3682 1334 3766; x_wconf 82' lang='lat' dir='ltr'>infitae</span> <span class='ocrx_word' id='word_1_185' title='bbox 1358 3680 1660 3788; x_wconf 87' lang='lat' dir='ltr'>concipiuntur,</span> <span class='ocrx_word' id='word_1_186' title='bbox 1698 3701 1941 3788; x_wconf 86' lang='lat' dir='ltr'>utunaquae.</span> 
     </span>
    </p>
   </div>
   <div class='ocr_carea' id='block_1_7' title="bbox 509 3797 1948 3920">
    <p class='ocr_par' dir='ltr' id='par_1_8' title="bbox 509 3797 1948 3920">
     <span class='ocr_line' id='line_1_26' title="bbox 509 3797 1948 3920; baseline -0.006 -23"><span class='ocrx_word' id='word_1_187' title='bbox 509 3857 516 3872; x_wconf 90' lang='lat'><strong>·</strong></span> <span class='ocrx_word' id='word_1_188' title='bbox 602 3813 606 3820; x_wconf 82' lang='grc'><em>’</em></span> <span class='ocrx_word' id='word_1_189' title='bbox 689 3829 769 3918; x_wconf 87' lang='lat' dir='ltr'>que</span> <span class='ocrx_word' id='word_1_190' title='bbox 788 3797 868 3894; x_wconf 81' lang='lat' dir='ltr'>eius</span> <span class='ocrx_word' id='word_1_191' title='bbox 883 3805 1079 3914; x_wconf 87' lang='lat' dir='ltr'>particula</span> <span class='ocrx_word' id='word_1_192' title='bbox 1091 3832 1205 3920; x_wconf 85' lang='lat' dir='ltr'>aeque</span> <span class='ocrx_word' id='word_1_193' title='bbox 1217 3808 1414 3898; x_wconf 89' lang='lat' dir='ltr'>velociter</span> <span class='ocrx_word' id='word_1_194' title='bbox 1434 3809 1566 3894; x_wconf 84' lang='lat' dir='ltr'>abillis</span> <span class='ocrx_word' id='word_1_195' title='bbox 1585 3808 1948 3918; x_wconf 83' lang='lat' dir='ltr'>urgeatur‚&amp;pro-</span> 
     </span>
    </p>
   </div>
   <div class='ocr_carea' id='block_1_8' title="bbox 680 3931 1944 4052">
    <p class='ocr_par' dir='ltr' id='par_1_9' title="bbox 680 3931 1944 4052">
     <span class='ocr_line' id='line_1_27' title="bbox 680 3931 1944 4052; baseline -0.002 -28"><span class='ocrx_word' id='word_1_196' title='bbox 680 3953 899 4024; x_wconf 81' lang='lat' dir='ltr'>moveatur</span> <span class='ocrx_word' id='word_1_197' title='bbox 925 3935 1216 4028; x_wconf 86' lang='lat' dir='ltr'>uniformiter:</span> <span class='ocrx_word' id='word_1_198' title='bbox 1260 3941 1393 4052; x_wconf 85' lang='lat' dir='ltr'>itaque</span> <span class='ocrx_word' id='word_1_199' title='bbox 1407 3937 1549 4049; x_wconf 87' lang='lat' dir='ltr'>pofitis</span> <span class='ocrx_word' id='word_1_200' title='bbox 1576 3931 1706 4018; x_wconf 81' lang='lat' dir='ltr'>malfia</span> <span class='ocrx_word' id='word_1_201' title='bbox 1725 3934 1944 4043; x_wconf 72' lang='lat' dir='ltr'>equalibus</span> 
     </span>
    </p>
   </div>
   <div class='ocr_carea' id='block_1_9' title="bbox 687 4061 2117 4194">
    <p class='ocr_par' dir='ltr' id='par_1_10' title="bbox 687 4061 2117 4194">
     <span class='ocr_line' id='line_1_28' title="bbox 687 4061 2117 4194; baseline -0.003 -42"><span class='ocrx_word' id='word_1_202' title='bbox 687 4067 795 4153; x_wconf 89' lang='lat' dir='ltr'>nulla</span> <span class='ocrx_word' id='word_1_203' title='bbox 814 4067 857 4152; x_wconf 88' lang='lat' dir='ltr'>in</span> <span class='ocrx_word' id='word_1_204' title='bbox 875 4066 1147 4178; x_wconf 86' lang='lat' dir='ltr'>applicatione</span> <span class='ocrx_word' id='word_1_205' title='bbox 1162 4071 1306 4158; x_wconf 84' lang='lat' dir='ltr'>uirium</span> <span class='ocrx_word' id='word_1_206' title='bbox 1324 4069 1468 4156; x_wconf 88' lang='lat' dir='ltr'>harum</span> <span class='ocrx_word' id='word_1_207' title='bbox 1481 4061 1771 4150; x_wconf 81' lang='lat' dir='ltr'>diuerfitaselse</span> <span class='ocrx_word' id='word_1_208' title='bbox 1788 4063 1938 4174; x_wconf 89' lang='lat' dir='ltr'>potest,</span> <span class='ocrx_word' id='word_1_209' title='bbox 2113 4177 2117 4194; x_wconf 90' lang='lat'><em>.</em></span> 
     </span>
    </p>
   </div>
   <div class='ocr_carea' id='block_1_10' title="bbox 580 4191 1941 4818">
    <p class='ocr_par' dir='ltr' id='par_1_11' title="bbox 580 4191 1941 4704">
     <span class='ocr_line' id='line_1_29' title="bbox 580 4191 1941 4306; baseline -0.004 -22"><span class='ocrx_word' id='word_1_210' title='bbox 580 4195 588 4210; x_wconf 89' lang='lat'><em>&#39;</em></span> <span class='ocrx_word' id='word_1_211' title='bbox 685 4195 756 4283; x_wconf 88' lang='lat' dir='ltr'>uifi</span> <span class='ocrx_word' id='word_1_212' title='bbox 772 4196 824 4282; x_wconf 88' lang='lat' dir='ltr'>ad</span> <span class='ocrx_word' id='word_1_213' title='bbox 843 4195 1106 4284; x_wconf 78' lang='lat' dir='ltr'>diversitatem</span> <span class='ocrx_word' id='word_1_214' title='bbox 1130 4198 1329 4306; x_wconf 81' lang='lat' dir='ltr'>temporis</span> <span class='ocrx_word' id='word_1_215' title='bbox 1348 4191 1556 4280; x_wconf 86' lang='lat' dir='ltr'>attendere</span> <span class='ocrx_word' id='word_1_216' title='bbox 1578 4191 1679 4276; x_wconf 82' lang='lat' dir='ltr'>velis</span> <span class='ocrx_word' id='word_1_217' title='bbox 1712 4223 1727 4298; x_wconf 81' lang='lat'>3</span> <span class='ocrx_word' id='word_1_218' title='bbox 1772 4191 1941 4278; x_wconf 85' lang='lat' dir='ltr'>iudicari</span> 
     </span>
     <span class='ocr_line' id='line_1_30' title="bbox 684 4309 1935 4438; baseline -0.006 -25"><span class='ocrx_word' id='word_1_219' title='bbox 684 4327 817 4438; x_wconf 86' lang='lat' dir='ltr'>itaque</span> <span class='ocrx_word' id='word_1_220' title='bbox 843 4325 1014 4410; x_wconf 74' lang='lat' dir='ltr'>actiones</span> <span class='ocrx_word' id='word_1_221' title='bbox 1037 4321 1178 4408; x_wconf 91' lang='lat' dir='ltr'>harum</span> <span class='ocrx_word' id='word_1_222' title='bbox 1203 4323 1351 4408; x_wconf 80' lang='lat' dir='ltr'>virium</span> <span class='ocrx_word' id='word_1_223' title='bbox 1372 4320 1584 4408; x_wconf 84' lang='lat' dir='ltr'>debentex</span> <span class='ocrx_word' id='word_1_224' title='bbox 1599 4309 1816 4406; x_wconf 80' lang='lat' dir='ltr'>intensrtate</span> <span class='ocrx_word' id='word_1_225' title='bbox 1832 4320 1935 4433; x_wconf 88' lang='lat' dir='ltr'>ipsa-</span> 
     </span>
     <span class='ocr_line' id='line_1_31' title="bbox 683 4439 1932 4559; baseline -0.011 -14"><span class='ocrx_word' id='word_1_226' title='bbox 683 4479 801 4558; x_wconf 86' lang='lat' dir='ltr'>rum,</span> <span class='ocrx_word' id='word_1_227' title='bbox 835 4455 1097 4559; x_wconf 82' lang='lat' dir='ltr'>&amp;tempore</span> <span class='ocrx_word' id='word_1_228' title='bbox 1112 4452 1195 4541; x_wconf 80' lang='lat' dir='ltr'>uid.</span> <span class='ocrx_word' id='word_1_229' title='bbox 1215 4439 1372 4542; x_wconf 81' lang='lat' dir='ltr'>Corol.</span> <span class='ocrx_word' id='word_1_230' title='bbox 1398 4472 1438 4542; x_wconf 85' lang='lat'>1,</span> <span class='ocrx_word' id='word_1_231' title='bbox 1459 4445 1542 4542; x_wconf 87' lang='lat' dir='ltr'>def.</span> <span class='ocrx_word' id='word_1_232' title='bbox 1560 4471 1641 4540; x_wconf 82' lang='lat' dir='ltr'>xt.</span> <span class='ocrx_word' id='word_1_233' title='bbox 1722 4452 1788 4538; x_wconf 82' lang='lat' dir='ltr'>Ex</span> <span class='ocrx_word' id='word_1_234' title='bbox 1807 4476 1858 4534; x_wconf 90' lang='lat' dir='ltr'>eo</span> <span class='ocrx_word' id='word_1_235' title='bbox 1874 4448 1932 4536; x_wconf 81' lang='lat' dir='ltr'>se.</span> 
     </span>
     <span class='ocr_line' id='line_1_32' title="bbox 683 4577 1934 4704; baseline -0.007 -33"><span class='ocrx_word' id='word_1_236' title='bbox 683 4584 854 4700; x_wconf 80' lang='lat' dir='ltr'>quitur,</span> <span class='ocrx_word' id='word_1_237' title='bbox 884 4579 915 4668; x_wconf 84' lang='lat' dir='ltr'><strong>fi</strong></span> <span class='ocrx_word' id='word_1_238' title='bbox 935 4580 1070 4693; x_wconf 82' lang='lat' dir='ltr'>plures</span> <span class='ocrx_word' id='word_1_239' title='bbox 1092 4579 1195 4670; x_wconf 89' lang='lat' dir='ltr'>inter</span> <span class='ocrx_word' id='word_1_240' title='bbox 1218 4577 1297 4668; x_wconf 88' lang='lat' dir='ltr'>sese</span> <span class='ocrx_word' id='word_1_241' title='bbox 1321 4579 1575 4670; x_wconf 85' lang='lat' dir='ltr'>conseranttu</span> <span class='ocrx_word' id='word_1_242' title='bbox 1592 4581 1698 4666; x_wconf 85' lang='lat' dir='ltr'>vires</span> <span class='ocrx_word' id='word_1_243' title='bbox 1713 4606 1825 4696; x_wconf 88' lang='lat' dir='ltr'>purae</span> <span class='ocrx_word' id='word_1_244' title='bbox 1841 4581 1934 4704; x_wconf 71' lang='lat' dir='ltr'>bm-</span> 
     </span>
    </p>

    <p class='ocr_par' dir='ltr' id='par_1_12' title="bbox 1798 4709 1936 4818">
     <span class='ocr_line' id='line_1_33' title="bbox 1798 4709 1936 4818; baseline 0.007 -23"><span class='ocrx_word' id='word_1_245' title='bbox 1798 4709 1936 4818; x_wconf 77' lang='lat' dir='ltr'>plicet,</span> 
     </span>
    </p>
   </div>
   <div class='ocr_carea' id='block_1_11' title="bbox 0 0 2160 5954">
    <p class='ocr_par' dir='ltr' id='par_1_13' title="bbox 0 0 2160 5954">
     <span class='ocr_line' id='line_1_34' title="bbox 0 0 2160 5954; baseline 0 7"><span class='ocrx_word' id='word_1_246' title='bbox 0 0 2160 5954; x_wconf 95' lang='lat' dir='ltr'> </span> 
     </span>
    </p>
   </div>
  </div>
 </body>
</html>
