4376 5952
432 441 1183 665 umrurrcoltronuu.
1245 705 1248 713 1
1345 529 1349 534 ’
1399 585 1460 684 27

206 803 349 892 ducere
361 793 619 915 suscepimus,
632 798 789 886 etiamst
809 817 1092 910 argumentum
1110 795 1134 882 a
1153 792 1465 884 collifionecor-

203 911 1459 1048 porumsufiraluunr3.)petitumetiainvalidiffimum,omni-
1688 1027 1695 1038 ¹

202 1087 274 1176 que
292 1064 543 1174 exceptione
556 1051 685 1178 majus
704 1113 718 1162 ,
739 1058 1038 1150 nobisudenr.
1623 1061 1625 1066 ’

313 1191 450 1280 Posset
477 1189 621 1275 eadem
642 1185 762 1274 thesis
797 1187 884 1272 aliis
911 1187 1040 1274 adhuc
1070 1187 1314 1301 argumentis
1354 1215 1469 1303 aeque
1652 1253 1659 1256 -

203 1321 482 1434 stringentibus
501 1319 669 1429 probari
691 1373 704 1420 ‚
732 1319 826 1429 quia
844 1322 945 1416 uero
966 1321 1007 1404 id
1027 1319 1050 1404 l
1070 1318 1232 1406 diversis
1255 1316 1468 1408 Societatie

32 1485 37 1500 ·
202 1447 318 1568 hujus
334 1451 561 1565 imperialis
570 1447 770 1537 Membris
787 1447 956 1534 dilucide
969 1451 1027 1536 est
1039 1450 1262 1558 praestitum
1277 1475 1465 1554 ‚eorum-

200 1607 273 1695 que
290 1586 333 1667 in
350 1578 452 1666 hanc
471 1605 562 1672 rem
588 1581 764 1691 cogitata
775 1578 815 1662 in
833 1572 952 1663 Astis
964 1575 1205 1665 Academiae
1229 1579 1343 1668 sunul
1359 1603 1460 1689 pro-

61 1771 64 1778 ,
201 1711 353 1817 deuot,
376 1711 430 1796 ab
446 1711 492 1794 iia
512 1733 618 1794 nunc
641 1698 1199 1811 abstinebo‚unns1enajam
1225 1708 1275 1788 ad
1301 1727 1468 1812 partem

200 1840 475 1928 elenchticanr
491 1836 728 1955 Quaellionis
747 1835 797 1920 de
806 1829 987 1918 mensura
1001 1832 1156 1930 virium.
1226 1827 1469 1920 Namcom·

196 1972 331 2058 munia
349 1967 537 2054 sententia
559 1963 767 2052 Leibnitiae
790 1959 1006 2069 opposita,
1040 1955 1146 2069 quasi
1169 1947 1263 2070 jure
1286 1962 1466 2070 quodam

191 2093 515 2212 praescriptionis
532 2087 762 2170 usamultos
775 2083 1310 2197 Praeclrroellyperaspistes
1326 2093 1383 2176 est
1396 2119 1466 2180 na·

191 2228 267 2315 cta
285 2240 463 2334 qnorum
481 2231 715 2322 argumenta
754 2214 924 2300 omnino
945 2213 1065 2329 digna
1090 2215 1179 2338 sunt
1210 2241 1298 2332 quae
1335 2242 1458 2309 excu-
1611 2261 1616 2268 ·

195 2356 366 2446 dantur.
1383 2443 1387 2454 ,
1602 2446 1611 2466 ψ

319 2479 503 2570 Primum
531 2478 694 2597 quidem
719 2501 835 2576 mota
864 2484 922 2574 est
951 2483 1097 2600 pluries
1130 2483 1217 2592 hnc
1248 2483 1453 2576 instantia:

200 2611 336 2734 Quod
351 2615 441 2700 idea
458 2617 519 2701 rie
539 2617 641 2700 vivae
660 2635 888 2728 corporum
910 2641 992 2703 non
1015 2619 1198 2704 involent
1215 2619 1347 2704 ideam
1362 2639 1455 2724 gra·
1509 2702 1514 2710 .

200 2747 368 2850 vitatis,
403 2743 722 2858 quandoquidem
742 2748 1053 2858 unumquodque
1079 2763 1232 2858 corpus
1266 2747 1458 2832 determi-

203 2895 294 2960 nata
320 2875 446 2987 aliqua
469 2874 670 2958 celeritate
690 2875 904 2983 praeditum
921 2874 1031 2960 suam
1055 2877 1365 2962 determinatam
1380 2872 1484 2959 vim'

203 3003 340 3092 rivam
351 2993 535 3106 ¹liabent,
556 3003 638 3089 five
647 3028 806 3114 corpus
820 3003 916 3090 illud
933 3032 1060 3120 grave
1070 3004 1217 3111 finire
1231 3005 1348 3090 omni
1366 3029 1457 3118 gru·
1509 3098 1526 3114 ,

202 3135 331 3220 vitate
345 3134 576 3222 destitutum
591 3134 829 3242 intelligatur
848 3161 862 3244 3
884 3135 1070 3247 quodque
1083 3133 1190 3220 hanc
1208 3135 1265 3220 ob
1289 3135 1467 3220 cauffam

198 3260 349 3349 'frustra
368 3263 591 3346 'recurratur
608 3265 660 3346 ad
676 3263 877 3347 theoriam
895 3284 1029 3348 monn
1054 3265 1236 3375 graviaun
1262 3287 1340 3370 pro
1355 3287 1468 3346 men-
1500 3249 1503 3256 ’
1587 3356 1597 3370 x

46 3479 48 3484 ,
204 3389 294 3478 sura
309 3389 468 3475 virium
487 3389 734 3499 acquirenda
798 3387 1084 3474 Concedamus
1118 3390 1280 3499 quidem
1304 3409 1464 3474 antece-

205 3520 334 3626 dens,
368 3517 496 3604 nihilo
516 3539 653 3603 tamen
670 3516 834 3604 firmior
849 3521 924 3604 erit
937 3515 1231 3630 consequentia:
1262 3517 1468 3630 estoquod

207 3672 387 3762 corpora
411 3645 491 3734 effe
523 3646 672 3758 poffint
696 3667 892 3754 corpora,
910 3633 1071 3734 tametli
1097 3671 1182 3734 non
1203 3647 1278 3734 fint
1313 3652 1463 3761 gravia,

208 3781 251 3866 dt
277 3779 389 3888 quod
417 3777 503 3862 haec
541 3798 719 3887 corpora
737 3797 821 3860 non
843 3783 980 3882 gravia
999 3775 1258 3894 tamen-suoa
1277 3779 1468 3889 quodque

212 3907 355 4020 gradta
369 3907 511 3992 virium
526 3907 708 4000 vivarum
725 3903 935 4016 habeam
969 3908 1171 4020 quidinde
1182 3903 1469 3995 concludetur?
1568 3929 1572 3940 ·

214 4036 315 4124 Sane
333 4035 440 4122 aliud
457 4035 555 4120 nihil
568 4036 639 4119 nisi
660 4034 760 4140 hoc,
791 4037 1113 4126 uiresillasrivas
1127 4057 1211 4120 non
1228 4032 1309 4119 effe
1325 4040 1460 4142 gravi-

212 4181 334 4253 tatem
349 4152 1469 4279 corporumssnequeflnereneceffarioexgrauitate‚quod

170 4274 195 4316 ⁸
214 4319 407 4405 nusquam
423 4297 596 4380 diximus
613 4318 746 4407 neque
758 4293 959 4384 statuimus
981 4321 1153 4407 unquam
1171 4325 1185 4407 3
1212 4297 1321 4406 quod
1335 4318 1468 4388 autem

215 4447 267 4508 ex
283 4423 463 4512 descensu
482 4428 659 4532 gravium
676 4424 885 4511 nullaideo
902 4425 1306 4539 petipoffitmensura
1325 4429 1466 4514 titium

214 4556 422 4661 vitarum,
455 4553 497 4637 id
513 4555 623 4640 nullo
638 4554 769 4642 modo
783 4553 954 4668 sequitur
988 4581 1042 4640 ex
1066 4556 1344 4667 propositione
1358 4577 1505 4642 ante--
1588 4581 1590 4586 “

211 4682 380 4772 cedenti.
441 4683 539 4774 Euo
556 4684 663 4772 enim
681 4707 923 4792 corpusnon
942 4709 1069 4799 graue
1085 4681 1135 4775 A
1146 4681 1298 4770 habens
1324 4683 1465 4767 celeri-

455 4831 460 4842 ·
789 4809 888 4905 Da
1340 4829 1465 4898 tatem
1613 4835 1618 4857 ‘
1687 4819 1695 4826 '
