4386 5980
282 407 287 418 ι
513 483 518 488 ’
700 405 1034 614 ΟᾼΥΕᾸΞΕὸ.
1399 501 1502 602 439
1641 457 1644 462 ⁵

245 668 328 752 cies
348 657 467 746 mille<
479 653 787 772 drachmarumj
807 660 987 770 equitum
1012 682 1144 749 autem
1166 663 1376 780 umorique
1393 663 1507 773 quiu-

245 795 407 906 quagies
436 786 548 870 mille
582 787 793 874 drachmas
819 789 1057 900 stipendium
1091 813 1133 876 et
1161 811 1435 880 commeatum
1462 793 1503 874 in

155 1019 157 1022 ,
247 947 391 1010 anuum
416 937 560 1022 vnum,
611 935 773 1002 centum
802 918 974 1028 denique
995 921 1151 1024 midos,
1196 923 1260 1031 qui
1287 917 1429 1030 aquam
1465 939 1508 1006 et
1566 949 1573 961 ·
1654 977 1658 996 r

248 1029 458 1137 nec'etsaria
481 1044 558 1130 alia
576 1067 796 1156 portarent.
845 1044 949 1162 Quis
965 1051 1028 1134 ille
1044 1049 1228 1160 chalipha
1240 1044 1505 1160 feminaeque

248 1178 429 1266 Abdalla
444 1173 537 1260 Ebn
554 1173 789 1283 Chordaba‚
806 1201 933 1286 neque
949 1177 1163 1283 Eledrisus,
1185 1179 1248 1290 qui
1260 1182 1505 1266 memoriam

77 1319 80 1328 ‘
246 1311 306 1393 rei
335 1331 390 1392 ex
413 1297 628 1390 Alsalcmo
658 1305 954 1412 conseruarunt,
994 1308 1230 1420 prodidere.
1295 1291 1506 1426 Quoniam
1635 1339 1642 1348 ·

248 1444 378 1523 eutem
414 1427 648 1518 Alsalemus
666 1433 889 1544 profectum
917 1431 955 1518 se
972 1417 1093 1520 refert
1119 1437 1169 1518 ab
1192 1434 1295 1523 urbe
1315 1435 1503 1524 Sermen-
1558 1484 1561 1494 =

246 1569 357 1665 raia,
385 1583 512 1646 exeo
530 1583 669 1646 notam
690 1563 886 1670 temporis
914 1562 1036 1656 duco,
1097 1555 1216 1652 Nam
1252 1563 1505 1652 notaremus

221 1793 224 1802 Δ
248 1693 433 1803 chalipha
454 1683 755 1774 Abbasrdarum
774 1689 1033 1793 attenuent>
1054 1691 1270 1806 auspicium
1293 1694 1497 1804 principa.

188 1853 195 1860 ·
247 1847 328 1928 tus,
363 1845 482 1932 quem
512 1815 573 1902 A.
595 1816 647 1903 C.
671 1819 942 1906 locccx-xx
959 1841 1029 1904 tu.
1063 1820 1165 1923 iniit,
1189 1821 1325 1908 sedem
1348 1823 1508 1928 imperii

248 1949 447 2064 Bagdado
468 1947 660 2032 transtulit
678 1945 995 2053 Sermenraiam,
1029 1947 1133 2034 haud
1162 1951 1283 2061 lpnge
1307 1975 1328 2032 a
1354 1949 1507 2056 Bagdass

248 2082 305 2166 do
320 2082 437 2166 fitam
454 2077 505 2160 ad
518 2075 698 2187 Tigrim.
760 2075 900 2164 Ceteri
922 2075 1126 2188 chaliphac
1141 2075 1330 2188 deinceps
1348 2079 1399 2162 ad
1411 2079 1504 2166 Mo.

250 2205 611 2308 tadedum,eadem
631 2209 668 2292 in
687 2206 787 2294 urbe
821 2209 1066 2308 commorati
1101 2206 1196 2298 sunt.
1262 2207 1506 2296 Motade'dus

249 2337 378 2430 AC.
399 2332 890 2424 Iucccxc111.sedem
917 2337 1076 2446 imperii
1100 2333 1305 2448 Bagdado
1330 2339 1502 2434 restituit,

250 2463 802 2581 Sexigitmcbaiphaaaunis
814 2461 1396 2576 feresexaginta‚Sermenraiae
1413 2491 1509 2583 ege·

248 2619 359 2703 runt,
388 2620 519 2708 eoque
541 2603 728 2704 tempore
749 2595 965 2705 plerosque
979 2595 1218 2703 interpreter
1238 2587 1423 2694 Graecos
1442 2599 1500 2680 in.

248 2747 311 2814 ter
336 2724 499 2813 Arabas
526 2720 635 2808 firisse
648 2750 718 2808 ex
742 2719 1063 2831 Aibquharagio
1091 2723 1368 2834 intelligimus,
1402 2748 1502 2834 quo-

248 2883 341 2945 rum
361 2876 532 2940 numero
558 2853 622 2936 hic
640 2835 864 2936 Alsalemus
886 2844 1170 2962 Altargjemau
1192 2849 1414 2935 inserendus
1430 2851 1507 2944 est.

249 2983 478 3074 Alsalemus
506 2977 759 3067 Sermenraia
788 3003 880 3064 cum
902 2982 1048 3084 litteris
1076 2977 1281 3089 chaliphae
1306 2975 1509 3088 profectus

250 3117 305 3202 est
323 3113 371 3200 ad
393 3112 580 3200 Isaacium
599 3109 717 3196 Eben
732 3110 874 3196 Ismael
891 3103 1113 3194 Armeniae
1136 3107 1367 3210 dominum,
1380 3103 1509 3220 Tepb-

247 3243 375 3358 Bsutm.
445 3236 525 3324 Ab
551 3237 746 3324 Armeno
775 3261 868 3320 cum
901 3237 1253 3352 commendaditiis
1277 3237 1417 3324 litteris
1456 3236 1511 3324 ad

247 3371 430 3482 regulum
448 3367 615 3481 Alsarr'n
633 3388 745 3478 atque
769 3367 958 3476 deinceps
981 3365 1033 3450 ad
1055 3367 1235 3470 regulum
1255 3362 1349 3452 Lan
1368 3389 1409 3450 et
1428 3365 1503 3448 do-
1549 3451 1554 3460 ,

249 3506 404 3588 minum
424 3493 640 3610 Philaschae
651 3499 843 3607 peruenit.
910 3489 987 3578 Ab
1003 3494 1081 3579 hoc
1100 3501 1263 3604 quinque
1289 3496 1511 3604 impetratis

251 3611 441 3735 ducibua,'
470 3625 619 3734 septem
646 3647 687 3710 et
710 3625 852 3737 uiginti
870 3623 1008 3708 diebus
1031 3623 1081 3706 ad
1099 3643 1308 3708 extremos
1328 3623 1427 3710 fines
1444 3649 1509 3713 te

103 3833 109 3841 .
251 3759 420 3873 giooum
441 3749 624 3867 Befegert
639 3757 876 3864 penetrarit·
939 3745 1056 3836 Hae'c
1074 3771 1159 3836 tam
1176 3751 1349 3838 obscura
1365 3755 1503 3838 uomi-

94 3939 100 3946 ·
249 3914 301 3974 na
320 3887 362 3970 in
379 3884 566 3974 Romana
584 3881 758 3998 editione
780 3879 833 3995 (in
852 3907 926 3990 qua
943 3877 1142 3966 Eledrisus
1157 3879 1329 3992 pessime
1355 3879 1511 3977 hab'tuc

250 4035 534 4124 truncatusque
552 4013 709 4098 meliori
731 4030 846 4124 parte
864 4005 939 4123 est)
966 4009 1310 4120 interpretariuos
1327 4029 1507 4118 oportet.

252 4141 302 4232 A
327 4139 502 4228 Teflisro
525 4146 638 4226 uenit
663 4144 704 4226 in
722 4137 1001 4252 Alsarir,quae
1033 4141 1147 4250 regio
1174 4137 1311 4224 srtaest
1334 4138 1385 4220 ad
1418 4126 1525 4236 ,Cas
1683 4143 1688 4169 ¹

194 4298 211 4386 j
250 4273 377 4384 spium
402 4291 576 4356 marcet
614 4265 768 4374 Alsenr
788 4293 791 4300 ’
815 4263 984 4353 arderet
1035 4264 1214 4382 (thronus
1253 4264 1411 4381 aurem)
1437 4293 1511 4354 uo.

251 4421 378 4516 eatur,
410 4403 556 4512 inqua
586 4398 760 4491 censente
775 4395 1052 4526 Derbentum
1112 4393 1204 4484 Lan
1227 4395 1386 4486 ridetur
1412 4421 1504 4484 cor·
1620 4487 1628 4496 ,

1132 4549 1140 4564 ’
1318 4543 1510 4637 *Uidium
