<?xml version="1.0" encoding="UTF-8"?>
<!DOCTYPE html PUBLIC "-//W3C//DTD XHTML 1.0 Transitional//EN"
    "http://www.w3.org/TR/xhtml1/DTD/xhtml1-transitional.dtd">
<html xmlns="http://www.w3.org/1999/xhtml" xml:lang="en" lang="en">
 <head>
  <title>
</title>
<meta http-equiv="Content-Type" content="text/html;charset=utf-8" />
  <meta name='ocr-system' content='tesseract 3.04.00' />
  <meta name='ocr-capabilities' content='ocr_page ocr_carea ocr_par ocr_line ocrx_word'/>
</head>
<body>
  <div class='ocr_page' id='page_1' title='image "./commentariiacad02sssrgoog_0462.png"; bbox 0 0 4386 5980; ppageno 0'>
   <div class='ocr_carea' id='block_1_1' title="bbox 666 495 1574 686">
    <p class='ocr_par' dir='ltr' id='par_1_1' title="bbox 666 495 1574 686">
     <span class='ocr_line' id='line_1_1' title="bbox 666 495 1574 686; baseline -0.003 -52"><span class='ocrx_word' id='word_1_1' title='bbox 666 495 1001 686; x_wconf 70' lang='lat' dir='ltr'><strong>retrusas.</strong></span> <span class='ocrx_word' id='word_1_2' title='bbox 1381 578 1478 683; x_wconf 80' lang='lat'><strong>405</strong></span> <span class='ocrx_word' id='word_1_3' title='bbox 1564 495 1574 667; x_wconf 71' lang='lat'><em>]</em></span> 
     </span>
    </p>
   </div>
   <div class='ocr_carea' id='block_1_2' title="bbox 221 743 1484 862">
    <p class='ocr_par' dir='ltr' id='par_1_2' title="bbox 221 743 1484 862">
     <span class='ocr_line' id='line_1_2' title="bbox 221 743 1484 862; baseline 0.007 -23"><span class='ocrx_word' id='word_1_4' title='bbox 221 776 317 840; x_wconf 90' lang='lat' dir='ltr'><strong>rum</strong></span> <span class='ocrx_word' id='word_1_5' title='bbox 351 767 521 838; x_wconf 84' lang='lat' dir='ltr'><strong>aetatum</strong></span> <span class='ocrx_word' id='word_1_6' title='bbox 547 746 755 860; x_wconf 80' lang='lat' dir='ltr'><strong>attingunt.</strong></span> <span class='ocrx_word' id='word_1_7' title='bbox 830 743 987 842; x_wconf 79' lang='lat' dir='ltr'>Fateor</span> <span class='ocrx_word' id='word_1_8' title='bbox 1014 750 1057 836; x_wconf 88' lang='lat' dir='ltr'><strong>id</strong></span> <span class='ocrx_word' id='word_1_9' title='bbox 1071 753 1126 840; x_wconf 87' lang='lat' dir='ltr'><strong>ita</strong></span> <span class='ocrx_word' id='word_1_10' title='bbox 1144 753 1251 862; x_wconf 82' lang='lat' dir='ltr'><strong>effe,</strong></span> <span class='ocrx_word' id='word_1_11' title='bbox 1278 752 1348 844; x_wconf 88' lang='lat' dir='ltr'><strong>sed</strong></span> <span class='ocrx_word' id='word_1_12' title='bbox 1365 761 1484 848; x_wconf 86' lang='lat' dir='ltr'><strong>exiis</strong></span> 
     </span>
    </p>
   </div>
   <div class='ocr_carea' id='block_1_3' title="bbox 126 876 1485 1649">
    <p class='ocr_par' dir='ltr' id='par_1_3' title="bbox 126 876 1485 1649">
     <span class='ocr_line' id='line_1_3' title="bbox 221 876 1485 997; baseline 0.006 -33"><span class='ocrx_word' id='word_1_13' title='bbox 221 877 420 992; x_wconf 77' lang='lat' dir='ltr'><strong>quaedam</strong></span> <span class='ocrx_word' id='word_1_14' title='bbox 439 876 646 963; x_wconf 80' lang='lat' dir='ltr'><strong>acutissimi</strong></span> <span class='ocrx_word' id='word_1_15' title='bbox 656 877 804 963; x_wconf 90' lang='lat' dir='ltr'><strong>iudicio</strong></span> <span class='ocrx_word' id='word_1_16' title='bbox 822 877 906 964; x_wconf 84' lang='lat' dir='ltr'><strong>viri</strong></span> <span class='ocrx_word' id='word_1_17' title='bbox 919 879 972 965; x_wconf 88' lang='lat' dir='ltr'><strong>ad</strong></span> <span class='ocrx_word' id='word_1_18' title='bbox 990 877 1289 997; x_wconf 82' lang='lat' dir='ltr'><strong>Olympiadem</strong></span> <span class='ocrx_word' id='word_1_19' title='bbox 1308 887 1429 978; x_wconf 83' lang='lat' dir='ltr'><strong>CXI.</strong></span> <span class='ocrx_word' id='word_1_20' title='bbox 1444 915 1485 974; x_wconf 91' lang='lat' dir='ltr'><strong>a·</strong></span> 
     </span>
     <span class='ocr_line' id='line_1_4' title="bbox 126 995 1480 1124; baseline 0 -28"><span class='ocrx_word' id='word_1_21' title='bbox 126 1073 129 1082; x_wconf 77' lang='lat'>·</span> <span class='ocrx_word' id='word_1_22' title='bbox 219 1011 273 1096; x_wconf 89' lang='lat' dir='ltr'><strong>lia</strong></span> <span class='ocrx_word' id='word_1_23' title='bbox 291 1011 338 1096; x_wconf 85' lang='lat' dir='ltr'><strong>ad</strong></span> <span class='ocrx_word' id='word_1_24' title='bbox 356 1003 535 1120; x_wconf 82' lang='lat' dir='ltr'><strong>Olymp.</strong></span> <span class='ocrx_word' id='word_1_25' title='bbox 554 995 720 1097; x_wconf 86' lang='lat' dir='ltr'><strong>CXVI.</strong></span> <span class='ocrx_word' id='word_1_26' title='bbox 739 1009 921 1094; x_wconf 88' lang='lat' dir='ltr'><strong>nonnulla</strong></span> <span class='ocrx_word' id='word_1_27' title='bbox 950 1009 1002 1095; x_wconf 92' lang='lat' dir='ltr'><strong>ad</strong></span> <span class='ocrx_word' id='word_1_28' title='bbox 1033 1008 1206 1124; x_wconf 82' lang='lat' dir='ltr'><strong>Olymp.</strong></span> <span class='ocrx_word' id='word_1_29' title='bbox 1235 1003 1480 1114; x_wconf 79' lang='lat' dir='ltr'><strong>CXXXV,</strong></span> 
     </span>
     <span class='ocr_line' id='line_1_5' title="bbox 217 1134 1483 1256; baseline 0.005 -31"><span class='ocrx_word' id='word_1_30' title='bbox 217 1137 431 1225; x_wconf 80' lang='lat' dir='ltr'><strong>&#39;reserenda</strong></span> <span class='ocrx_word' id='word_1_31' title='bbox 448 1138 556 1256; x_wconf 83' lang='lat' dir='ltr'><strong>suot,</strong></span> <span class='ocrx_word' id='word_1_32' title='bbox 580 1136 690 1248; x_wconf 91' lang='lat' dir='ltr'><strong>quod</strong></span> <span class='ocrx_word' id='word_1_33' title='bbox 708 1134 774 1228; x_wconf 82' lang='lat' dir='ltr'><strong>sex</strong></span> <span class='ocrx_word' id='word_1_34' title='bbox 792 1155 834 1221; x_wconf 85' lang='lat' dir='ltr'><strong>et</strong></span> <span class='ocrx_word' id='word_1_35' title='bbox 860 1138 1071 1250; x_wconf 78' lang='lat' dir='ltr'><strong>nonaginta</strong></span> <span class='ocrx_word' id='word_1_36' title='bbox 1090 1165 1282 1229; x_wconf 89' lang='lat' dir='ltr'><strong>annorum</strong></span> <span class='ocrx_word' id='word_1_37' title='bbox 1299 1145 1483 1232; x_wconf 85' lang='lat' dir='ltr'><strong>interual-</strong></span> 
     </span>
     <span class='ocr_line' id='line_1_6' title="bbox 218 1262 1473 1385; baseline 0.002 -29"><span class='ocrx_word' id='word_1_38' title='bbox 218 1269 304 1356; x_wconf 91' lang='lat' dir='ltr'><strong>lum</strong></span> <span class='ocrx_word' id='word_1_39' title='bbox 321 1269 390 1359; x_wconf 88' lang='lat' dir='ltr'><strong>est.</strong></span> <span class='ocrx_word' id='word_1_40' title='bbox 425 1267 463 1354; x_wconf 91' lang='lat' dir='ltr'><strong>E</strong></span> <span class='ocrx_word' id='word_1_41' title='bbox 481 1268 689 1353; x_wconf 90' lang='lat' dir='ltr'><strong>contrario</strong></span> <span class='ocrx_word' id='word_1_42' title='bbox 706 1268 748 1352; x_wconf 90' lang='lat' dir='ltr'><strong>in</strong></span> <span class='ocrx_word' id='word_1_43' title='bbox 766 1262 933 1376; x_wconf 82' lang='lat' dir='ltr'>Scylace</span> <span class='ocrx_word' id='word_1_44' title='bbox 948 1272 1124 1379; x_wconf 80' lang='lat' dir='ltr'>reperias</span> <span class='ocrx_word' id='word_1_45' title='bbox 1140 1289 1266 1359; x_wconf 88' lang='lat' dir='ltr'><strong>certas</strong></span> <span class='ocrx_word' id='word_1_46' title='bbox 1283 1278 1473 1385; x_wconf 88' lang='lat' dir='ltr'><strong>antiquio-</strong></span> 
     </span>
     <span class='ocr_line' id='line_1_7' title="bbox 216 1391 1481 1518; baseline 0.006 -36"><span class='ocrx_word' id='word_1_47' title='bbox 216 1399 272 1483; x_wconf 90' lang='lat' dir='ltr'><strong>ris</strong></span> <span class='ocrx_word' id='word_1_48' title='bbox 290 1400 372 1518; x_wconf 85' lang='lat' dir='ltr'><strong>aeui</strong></span> <span class='ocrx_word' id='word_1_49' title='bbox 387 1413 515 1484; x_wconf 83' lang='lat' dir='ltr'><strong>notas.</strong></span> <span class='ocrx_word' id='word_1_50' title='bbox 584 1391 776 1508; x_wconf 87' lang='lat' dir='ltr'><strong>Agnouit</strong></span> <span class='ocrx_word' id='word_1_51' title='bbox 797 1396 839 1478; x_wconf 93' lang='lat' dir='ltr'><strong>id</strong></span> <span class='ocrx_word' id='word_1_52' title='bbox 868 1393 1097 1487; x_wconf 85' lang='lat' dir='ltr'><strong>Doduellus</strong></span> <span class='ocrx_word' id='word_1_53' title='bbox 1114 1404 1326 1514; x_wconf 88' lang='lat' dir='ltr'><strong>quoquein</strong></span> <span class='ocrx_word' id='word_1_54' title='bbox 1345 1405 1481 1490; x_wconf 87' lang='lat' dir='ltr'><strong>multis</strong></span> 
     </span>
     <span class='ocr_line' id='line_1_8' title="bbox 215 1517 1476 1649; baseline 0.002 -37"><span class='ocrx_word' id='word_1_55' title='bbox 215 1547 259 1612; x_wconf 84' lang='lat' dir='ltr'><strong>et</strong></span> <span class='ocrx_word' id='word_1_56' title='bbox 278 1526 416 1610; x_wconf 79' lang='lat' dir='ltr'><strong>inuno</strong></span> <span class='ocrx_word' id='word_1_57' title='bbox 433 1524 611 1608; x_wconf 83' lang='lat' dir='ltr'><strong>maicime</strong></span> <span class='ocrx_word' id='word_1_58' title='bbox 627 1576 640 1624; x_wconf 91' lang='lat'>‚</span> <span class='ocrx_word' id='word_1_59' title='bbox 665 1521 778 1632; x_wconf 93' lang='lat' dir='ltr'><strong>quod</strong></span> <span class='ocrx_word' id='word_1_60' title='bbox 797 1517 949 1630; x_wconf 84' lang='lat' dir='ltr'><strong>Scylax</strong></span> <span class='ocrx_word' id='word_1_61' title='bbox 971 1523 1137 1634; x_wconf 87' lang='lat' dir='ltr'><strong>Tymm</strong></span> <span class='ocrx_word' id='word_1_62' title='bbox 1154 1552 1278 1616; x_wconf 83' lang='lat' dir='ltr'><strong>vocat</strong></span> <span class='ocrx_word' id='word_1_63' title='bbox 1298 1531 1476 1649; x_wconf 71' lang='lat' dir='ltr'><strong>infidam,</strong></span> 
     </span>
    </p>
   </div>
   <div class='ocr_carea' id='block_1_4' title="bbox 193 1647 1643 1766">
    <p class='ocr_par' dir='ltr' id='par_1_4' title="bbox 193 1647 1643 1766">
     <span class='ocr_line' id='line_1_9' title="bbox 193 1647 1643 1766; baseline 0.01 -36"><span class='ocrx_word' id='word_1_64' title='bbox 193 1678 316 1764; x_wconf 63' lang='lat' dir='ltr'><strong>cquae</strong></span> <span class='ocrx_word' id='word_1_65' title='bbox 342 1647 541 1762; x_wconf 85' lang='lat' dir='ltr'><strong>peninsula</strong></span> <span class='ocrx_word' id='word_1_66' title='bbox 572 1650 674 1760; x_wconf 67' lang='lat' dir='ltr'><strong>post&#39;</strong></span> <span class='ocrx_word' id='word_1_67' title='bbox 693 1649 929 1738; x_wconf 87' lang='lat' dir='ltr'><strong>Macedonis</strong></span> <span class='ocrx_word' id='word_1_68' title='bbox 950 1653 1252 1766; x_wconf 85' lang='lat' dir='ltr'><strong>expeditionem</strong></span> <span class='ocrx_word' id='word_1_69' title='bbox 1279 1651 1479 1744; x_wconf 82' lang='lat' dir='ltr'><strong>Persicam</strong></span> <span class='ocrx_word' id='word_1_70' title='bbox 1639 1713 1643 1720; x_wconf 92' lang='lat'><em>-</em></span> 
     </span>
    </p>
   </div>
   <div class='ocr_carea' id='block_1_5' title="bbox 130 1767 1597 2540">
    <p class='ocr_par' dir='ltr' id='par_1_5' title="bbox 130 1767 1597 2540">
     <span class='ocr_line' id='line_1_10' title="bbox 205 1767 1494 1895; baseline 0.001 -24"><span class='ocrx_word' id='word_1_71' title='bbox 205 1781 303 1870; x_wconf 77' lang='lat' dir='ltr'><strong>&#39;fuit</strong></span> <span class='ocrx_word' id='word_1_72' title='bbox 369 1777 490 1869; x_wconf 86' lang='lat' dir='ltr'><strong>Vixit</strong></span> <span class='ocrx_word' id='word_1_73' title='bbox 516 1775 631 1888; x_wconf 87' lang='lat' dir='ltr'><strong>igitur</strong></span> <span class='ocrx_word' id='word_1_74' title='bbox 658 1796 746 1864; x_wconf 89' lang='lat' dir='ltr'><strong>ante</strong></span> <span class='ocrx_word' id='word_1_75' title='bbox 773 1777 816 1862; x_wconf 91' lang='lat' dir='ltr'><strong>id</strong></span> <span class='ocrx_word' id='word_1_76' title='bbox 842 1767 1005 1863; x_wconf 88' lang='lat' dir='ltr'><strong>bellum.</strong></span> <span class='ocrx_word' id='word_1_77' title='bbox 1066 1777 1274 1870; x_wconf 86' lang='lat' dir='ltr'><strong>Praeterea</strong></span> <span class='ocrx_word' id='word_1_78' title='bbox 1289 1778 1494 1895; x_wconf 84' lang='lat' dir='ltr'><strong>sylacem</strong></span> 
     </span>
     <span class='ocr_line' id='line_1_11' title="bbox 213 1903 1469 2020; baseline 0.001 -25"><span class='ocrx_word' id='word_1_79' title='bbox 213 1907 405 2020; x_wconf 77' lang='lat' dir='ltr'><strong>scripsisse</strong></span> <span class='ocrx_word' id='word_1_80' title='bbox 429 1931 476 1990; x_wconf 84' lang='lat' dir='ltr'><strong>ea</strong></span> <span class='ocrx_word' id='word_1_81' title='bbox 507 1925 637 1991; x_wconf 88' lang='lat' dir='ltr'><strong>aetate</strong></span> <span class='ocrx_word' id='word_1_82' title='bbox 659 1903 814 1990; x_wconf 87' lang='lat' dir='ltr'><strong>necesse</strong></span> <span class='ocrx_word' id='word_1_83' title='bbox 831 1908 918 2012; x_wconf 87' lang='lat' dir='ltr'><strong>est,</strong></span> <span class='ocrx_word' id='word_1_84' title='bbox 945 1929 1036 1994; x_wconf 89' lang='lat' dir='ltr'><strong>cum</strong></span> <span class='ocrx_word' id='word_1_85' title='bbox 1054 1903 1232 1996; x_wconf 86' lang='lat' dir='ltr'><strong>Aliicae</strong></span> <span class='ocrx_word' id='word_1_86' title='bbox 1249 1916 1381 1998; x_wconf 91' lang='lat' dir='ltr'><strong>omnis</strong></span> <span class='ocrx_word' id='word_1_87' title='bbox 1400 1907 1469 1996; x_wconf 85' lang='lat' dir='ltr'><strong>A.</strong></span> 
     </span>
     <span class='ocr_line' id='line_1_12' title="bbox 210 2022 1469 2150; baseline -0.001 -22"><span class='ocrx_word' id='word_1_88' title='bbox 210 2042 367 2150; x_wconf 78' lang='lat' dir='ltr'><strong>sineque</strong></span> <span class='ocrx_word' id='word_1_89' title='bbox 385 2037 525 2121; x_wconf 88' lang='lat' dir='ltr'><strong>littora</strong></span> <span class='ocrx_word' id='word_1_90' title='bbox 545 2035 708 2121; x_wconf 87' lang='lat' dir='ltr'><strong>notiora</strong></span> <span class='ocrx_word' id='word_1_91' title='bbox 726 2035 848 2120; x_wconf 85' lang='lat' dir='ltr'><strong>essent</strong></span> <span class='ocrx_word' id='word_1_92' title='bbox 854 2091 868 2141; x_wconf 89' lang='lat'><em>‚</em></span> <span class='ocrx_word' id='word_1_93' title='bbox 897 2022 1016 2144; x_wconf 73' lang='lat' dir='ltr'><strong>quam</strong></span> <span class='ocrx_word' id='word_1_94' title='bbox 1034 2038 1181 2147; x_wconf 87' lang='lat' dir='ltr'><strong>Italiae,</strong></span> <span class='ocrx_word' id='word_1_95' title='bbox 1201 2033 1371 2144; x_wconf 83' lang='lat' dir='ltr'><strong>Galliae,</strong></span> <span class='ocrx_word' id='word_1_96' title='bbox 1393 2035 1469 2127; x_wconf 88' lang='lat' dir='ltr'><strong>Hi·</strong></span> 
     </span>
     <span class='ocr_line' id='line_1_13' title="bbox 209 2157 1469 2280; baseline -0.006 -28"><span class='ocrx_word' id='word_1_97' title='bbox 209 2169 466 2280; x_wconf 76' lang='lat' dir='ltr'><strong>&#39;spaniaeque</strong></span> <span class='ocrx_word' id='word_1_98' title='bbox 532 2163 694 2247; x_wconf 88' lang='lat' dir='ltr'>Idcirco</span> <span class='ocrx_word' id='word_1_99' title='bbox 713 2164 819 2273; x_wconf 89' lang='lat' dir='ltr'><strong>apud</strong></span> <span class='ocrx_word' id='word_1_100' title='bbox 836 2185 928 2250; x_wconf 88' lang='lat' dir='ltr'><strong>eum</strong></span> <span class='ocrx_word' id='word_1_101' title='bbox 950 2167 1094 2256; x_wconf 90' lang='lat' dir='ltr'>Volsci</span> <span class='ocrx_word' id='word_1_102' title='bbox 1111 2187 1263 2256; x_wconf 85' lang='lat' dir='ltr'><strong>tanmm</strong></span> <span class='ocrx_word' id='word_1_103' title='bbox 1282 2188 1323 2254; x_wconf 87' lang='lat' dir='ltr'><strong>et</strong></span> <span class='ocrx_word' id='word_1_104' title='bbox 1342 2157 1469 2258; x_wconf 80' lang='lat' dir='ltr'><strong>Cam.</strong></span> 
     </span>
     <span class='ocr_line' id='line_1_14' title="bbox 130 2290 1474 2412; baseline 0.002 -32"><span class='ocrx_word' id='word_1_105' title='bbox 130 2329 135 2340; x_wconf 63' lang='lat'><strong><em>¹</em></strong></span> <span class='ocrx_word' id='word_1_106' title='bbox 211 2299 310 2412; x_wconf 90' lang='lat' dir='ltr'><strong>pani</strong></span> <span class='ocrx_word' id='word_1_107' title='bbox 326 2317 366 2382; x_wconf 89' lang='lat' dir='ltr'><strong>et</strong></span> <span class='ocrx_word' id='word_1_108' title='bbox 389 2290 626 2397; x_wconf 82' lang='lat' dir='ltr'><strong>Samnites,</strong></span> <span class='ocrx_word' id='word_1_109' title='bbox 666 2310 708 2376; x_wconf 88' lang='lat' dir='ltr'><strong>at</strong></span> <span class='ocrx_word' id='word_1_110' title='bbox 719 2291 856 2380; x_wconf 88' lang='lat' dir='ltr'><strong>Roma</strong></span> <span class='ocrx_word' id='word_1_111' title='bbox 871 2293 1002 2401; x_wconf 81' lang='lat' dir='ltr'><strong>nulla,</strong></span> <span class='ocrx_word' id='word_1_112' title='bbox 1039 2292 1148 2383; x_wconf 84' lang='lat' dir='ltr'><strong>fama</strong></span> <span class='ocrx_word' id='word_1_113' title='bbox 1163 2295 1274 2384; x_wconf 78' lang='lat' dir='ltr'><strong>vrbis</strong></span> <span class='ocrx_word' id='word_1_114' title='bbox 1290 2298 1474 2383; x_wconf 90' lang='lat' dir='ltr'><strong>nondum</strong></span> 
     </span>
     <span class='ocr_line' id='line_1_15' title="bbox 210 2417 1597 2540; baseline 0.002 -31"><span class='ocrx_word' id='word_1_115' title='bbox 210 2452 284 2540; x_wconf 91' lang='lat' dir='ltr'><strong>per</strong></span> <span class='ocrx_word' id='word_1_116' title='bbox 304 2417 519 2510; x_wconf 84' lang='lat' dir='ltr'><strong>Graeciam</strong></span> <span class='ocrx_word' id='word_1_117' title='bbox 542 2421 785 2534; x_wconf 82' lang='lat' dir='ltr'><strong>peruulgata.</strong></span> <span class='ocrx_word' id='word_1_118' title='bbox 812 2423 880 2509; x_wconf 88' lang='lat' dir='ltr'><strong>Ex</strong></span> <span class='ocrx_word' id='word_1_119' title='bbox 900 2446 983 2531; x_wconf 92' lang='lat' dir='ltr'><strong>quo</strong></span> <span class='ocrx_word' id='word_1_120' title='bbox 1002 2426 1102 2510; x_wconf 91' lang='lat' dir='ltr'><strong>mihi</strong></span> <span class='ocrx_word' id='word_1_121' title='bbox 1122 2451 1187 2510; x_wconf 88' lang='lat' dir='ltr'><strong>res</strong></span> <span class='ocrx_word' id='word_1_122' title='bbox 1203 2425 1251 2510; x_wconf 87' lang='lat' dir='ltr'><strong>lit</strong></span> <span class='ocrx_word' id='word_1_123' title='bbox 1278 2427 1472 2512; x_wconf 85' lang='lat' dir='ltr'><strong>stnecon-</strong></span> <span class='ocrx_word' id='word_1_124' title='bbox 1592 2427 1597 2434; x_wconf 82' lang='grc'>’</span> 
     </span>
    </p>
   </div>
   <div class='ocr_carea' id='block_1_6' title="bbox 209 2548 1692 2662">
    <p class='ocr_par' dir='ltr' id='par_1_6' title="bbox 209 2548 1692 2662">
     <span class='ocr_line' id='line_1_16' title="bbox 209 2548 1692 2662; baseline -0.004 -18"><span class='ocrx_word' id='word_1_125' title='bbox 209 2554 441 2656; x_wconf 69' lang='grc' dir='ltr'><strong>ττοιιετίῑα,’</strong></span> <span class='ocrx_word' id='word_1_126' title='bbox 462 2550 698 2636; x_wconf 87' lang='lat' dir='ltr'><strong>cetera-allis</strong></span> <span class='ocrx_word' id='word_1_127' title='bbox 724 2548 974 2662; x_wconf 87' lang='lat' dir='ltr'><strong>temporibus</strong></span> <span class='ocrx_word' id='word_1_128' title='bbox 1001 2554 1296 2659; x_wconf 87' lang='lat' dir='ltr'><strong>conuenientia,</strong></span> <span class='ocrx_word' id='word_1_129' title='bbox 1321 2552 1467 2640; x_wconf 89' lang='lat' dir='ltr'><strong>scriba·</strong></span> <span class='ocrx_word' id='word_1_130' title='bbox 1626 2603 1630 2610; x_wconf 90' lang='lat'><em>·</em></span> <span class='ocrx_word' id='word_1_131' title='bbox 1688 2585 1692 2594; x_wconf 92' lang='lat'>·</span> 
     </span>
    </p>
   </div>
   <div class='ocr_carea' id='block_1_7' title="bbox 133 2676 1497 3568">
    <p class='ocr_par' dir='ltr' id='par_1_7' title="bbox 133 2676 1497 3568">
     <span class='ocr_line' id='line_1_17' title="bbox 208 2676 1466 2788; baseline -0.002 -16"><span class='ocrx_word' id='word_1_132' title='bbox 208 2711 299 2772; x_wconf 88' lang='lat' dir='ltr'><strong>rum</strong></span> <span class='ocrx_word' id='word_1_133' title='bbox 321 2682 538 2768; x_wconf 81' lang='lat' dir='ltr'><strong>curiositate</strong></span> <span class='ocrx_word' id='word_1_134' title='bbox 556 2677 669 2765; x_wconf 87' lang='lat' dir='ltr'><strong>allita</strong></span> <span class='ocrx_word' id='word_1_135' title='bbox 682 2677 787 2764; x_wconf 77' lang='lat' dir='ltr'><strong>fuisse</strong></span> <span class='ocrx_word' id='word_1_136' title='bbox 801 2676 957 2788; x_wconf 87' lang='lat' dir='ltr'><strong>Sylaci‚</strong></span> <span class='ocrx_word' id='word_1_137' title='bbox 976 2682 1117 2772; x_wconf 85' lang='lat' dir='ltr'><strong>deinde</strong></span> <span class='ocrx_word' id='word_1_138' title='bbox 1134 2683 1176 2766; x_wconf 92' lang='lat' dir='ltr'><strong>in</strong></span> <span class='ocrx_word' id='word_1_139' title='bbox 1190 2679 1336 2768; x_wconf 92' lang='lat' dir='ltr'><strong>librum</strong></span> <span class='ocrx_word' id='word_1_140' title='bbox 1353 2709 1466 2769; x_wconf 71' lang='lat' dir='ltr'><strong>rece</strong></span> 
     </span>
     <span class='ocr_line' id='line_1_18' title="bbox 177 2799 1472 2924; baseline -0.004 -26"><span class='ocrx_word' id='word_1_141' title='bbox 177 2799 180 2804; x_wconf 62' lang='grc'><strong>’</strong></span> <span class='ocrx_word' id='word_1_142' title='bbox 210 2801 305 2924; x_wconf 60' lang='lat' dir='ltr'><strong>ptaj</strong></span> <span class='ocrx_word' id='word_1_143' title='bbox 331 2831 376 2896; x_wconf 80' lang='lat' dir='ltr'><strong>vt</strong></span> <span class='ocrx_word' id='word_1_144' title='bbox 394 2809 528 2894; x_wconf 91' lang='lat' dir='ltr'><strong>multis</strong></span> <span class='ocrx_word' id='word_1_145' title='bbox 554 2807 674 2910; x_wconf 87' lang='lat' dir='ltr'><strong>aliis,</strong></span> <span class='ocrx_word' id='word_1_146' title='bbox 709 2805 957 2916; x_wconf 47' lang='lat' dir='ltr'><strong>praesertim.</strong></span> <span class='ocrx_word' id='word_1_147' title='bbox 972 2809 1197 2898; x_wconf 88' lang='lat' dir='ltr'><strong>huiusmodi</strong></span> <span class='ocrx_word' id='word_1_148' title='bbox 1215 2805 1472 2916; x_wconf 83' lang='lat' dir='ltr'><strong>scriptoribus</strong></span> 
     </span>
     <span class='ocr_line' id='line_1_19' title="bbox 206 2932 1471 3045; baseline -0.001 -17"><span class='ocrx_word' id='word_1_149' title='bbox 206 2939 368 3028; x_wconf 84' lang='lat' dir='ltr'><strong>¹accidit.</strong></span> <span class='ocrx_word' id='word_1_150' title='bbox 431 2936 529 3026; x_wconf 90' lang='lat' dir='ltr'><strong>Post</strong></span> <span class='ocrx_word' id='word_1_151' title='bbox 546 2933 628 3020; x_wconf 90' lang='lat' dir='ltr'><strong>hoc</strong></span> <span class='ocrx_word' id='word_1_152' title='bbox 645 2951 971 3045; x_wconf 86' lang='lat' dir='ltr'><strong>tempustantum</strong></span> <span class='ocrx_word' id='word_1_153' title='bbox 997 2932 1181 3022; x_wconf 85' lang='lat' dir='ltr'><strong>Athenis</strong></span> <span class='ocrx_word' id='word_1_154' title='bbox 1203 2933 1471 3041; x_wconf 87' lang='lat' dir='ltr'><strong>cognoscendi</strong></span> 
     </span>
     <span class='ocr_line' id='line_1_20' title="bbox 138 3056 1497 3184; baseline -0.001 -26"><span class='ocrx_word' id='word_1_155' title='bbox 138 3111 146 3150; x_wconf 91' lang='lat'><strong>·.</strong></span> <span class='ocrx_word' id='word_1_156' title='bbox 208 3071 276 3158; x_wconf 71' lang='lat' dir='ltr'><strong>has</strong></span> <span class='ocrx_word' id='word_1_157' title='bbox 303 3069 493 3183; x_wconf 85' lang='lat' dir='ltr'><strong>regiones</strong></span> <span class='ocrx_word' id='word_1_158' title='bbox 523 3063 760 3152; x_wconf 86' lang='lat' dir='ltr'><strong>defiderium</strong></span> <span class='ocrx_word' id='word_1_159' title='bbox 786 3062 988 3166; x_wconf 87' lang='lat' dir='ltr'><strong>obtinuit,</strong></span> <span class='ocrx_word' id='word_1_160' title='bbox 1019 3085 1066 3150; x_wconf 85' lang='lat' dir='ltr'><strong>vt</strong></span> <span class='ocrx_word' id='word_1_161' title='bbox 1085 3063 1304 3184; x_wconf 86' lang='lat' dir='ltr'><strong>optimates</strong></span> <span class='ocrx_word' id='word_1_162' title='bbox 1321 3056 1497 3158; x_wconf 51' lang='lat' dir='ltr'><strong>consu-J</strong></span> 
     </span>
     <span class='ocr_line' id='line_1_21' title="bbox 207 3181 1476 3314; baseline -0.007 -32"><span class='ocrx_word' id='word_1_163' title='bbox 207 3220 366 3282; x_wconf 89' lang='lat' dir='ltr'><strong>merent</strong></span> <span class='ocrx_word' id='word_1_164' title='bbox 387 3199 428 3279; x_wconf 90' lang='lat' dir='ltr'><strong>in</strong></span> <span class='ocrx_word' id='word_1_165' title='bbox 443 3189 537 3278; x_wconf 90' lang='lat' dir='ltr'><strong>soro</strong></span> <span class='ocrx_word' id='word_1_166' title='bbox 557 3213 670 3278; x_wconf 86' lang='lat' dir='ltr'><strong>totos</strong></span> <span class='ocrx_word' id='word_1_167' title='bbox 689 3192 806 3296; x_wconf 85' lang='lat' dir='ltr'><strong>dies,</strong></span> <span class='ocrx_word' id='word_1_168' title='bbox 835 3184 884 3276; x_wconf 77' lang='grc' dir='ltr'><strong>ἐν</strong></span> <span class='ocrx_word' id='word_1_169' title='bbox 905 3185 996 3296; x_wconf 76' lang='grc' dir='ltr'><strong>τοῖς</strong></span> <span class='ocrx_word' id='word_1_170' title='bbox 1015 3190 1218 3308; x_wconf 61' lang='lat' dir='ltr'><strong>&amp;adponi</strong></span> <span class='ocrx_word' id='word_1_171' title='bbox 1243 3247 1256 3295; x_wconf 89' lang='lat'><strong>,</strong></span> <span class='ocrx_word' id='word_1_172' title='bbox 1284 3181 1356 3302; x_wconf 65' lang='lat' dir='ltr'><strong>rael</strong></span> <span class='ocrx_word' id='word_1_173' title='bbox 1374 3189 1476 3314; x_wconf 65' lang='grc' dir='ltr'><strong>πξος</strong></span> 
     </span>
     <span class='ocr_line' id='line_1_22' title="bbox 204 3311 1467 3437; baseline -0.01 -25"><span class='ocrx_word' id='word_1_174' title='bbox 204 3321 343 3430; x_wconf 59' lang='grc' dir='ltr'><strong>’τὶςςέκ</strong></span> <span class='ocrx_word' id='word_1_175' title='bbox 368 3319 424 3410; x_wconf 72' lang='lat' dir='ltr'><strong>‘ris&#39;</strong></span> <span class='ocrx_word' id='word_1_176' title='bbox 458 3315 644 3437; x_wconf 80' lang='grc' dir='ltr'>Φάσιδος</span> <span class='ocrx_word' id='word_1_177' title='bbox 670 3312 743 3433; x_wconf 60' lang='lat' dir='ltr'><strong>ao&#39;a</strong></span> <span class='ocrx_word' id='word_1_178' title='bbox 757 3315 1006 3437; x_wconf 64' lang='grc' dir='ltr'><em>Βοςυοθὲνες</em></span> <span class='ocrx_word' id='word_1_179' title='bbox 1029 3311 1376 3427; x_wconf 61' lang='grc' dir='ltr'><strong>καταπλέοντας</strong></span> <span class='ocrx_word' id='word_1_180' title='bbox 1379 3321 1467 3436; x_wconf 84' lang='lat' dir='ltr'><strong>spe.</strong></span> 
     </span>
     <span class='ocr_line' id='line_1_23' title="bbox 133 3443 1468 3568; baseline 0.001 -30"><span class='ocrx_word' id='word_1_181' title='bbox 133 3557 134 3562; x_wconf 8' lang='grc' dir='ltr'><strong><em>Ν</em></strong></span> <span class='ocrx_word' id='word_1_182' title='bbox 205 3452 362 3540; x_wconf 76' lang='lat' dir='ltr'><strong>slarrdis</strong></span> <span class='ocrx_word' id='word_1_183' title='bbox 377 3451 596 3564; x_wconf 79' lang='lat' dir='ltr'><strong>praestigiis</strong></span> <span class='ocrx_word' id='word_1_184' title='bbox 612 3462 649 3536; x_wconf 85' lang='lat' dir='ltr'><strong>et</strong></span> <span class='ocrx_word' id='word_1_185' title='bbox 672 3473 760 3534; x_wconf 87' lang='lat' dir='ltr'><strong>cum</strong></span> <span class='ocrx_word' id='word_1_186' title='bbox 775 3449 824 3532; x_wconf 84' lang='lat' dir='ltr'><strong>it&#39;s</strong></span> <span class='ocrx_word' id='word_1_187' title='bbox 844 3449 911 3562; x_wconf 86' lang='lat' dir='ltr'><strong>qui</strong></span> <span class='ocrx_word' id='word_1_188' title='bbox 928 3474 955 3534; x_wconf 87' lang='lat' dir='ltr'><strong>a</strong></span> <span class='ocrx_word' id='word_1_189' title='bbox 970 3444 1124 3568; x_wconf 73' lang='lat' dir='ltr'><strong>Phcfide</strong></span> <span class='ocrx_word' id='word_1_190' title='bbox 1139 3459 1210 3534; x_wconf 81' lang='lat' dir='ltr'><strong>aut</strong></span> <span class='ocrx_word' id='word_1_191' title='bbox 1230 3443 1468 3560; x_wconf 76' lang='lat' dir='ltr'><strong>Borysthene</strong></span> 
     </span>
    </p>
   </div>
   <div class='ocr_carea' id='block_1_8' title="bbox 205 3572 1639 3692">
    <p class='ocr_par' dir='ltr' id='par_1_8' title="bbox 205 3572 1639 3692">
     <span class='ocr_line' id='line_1_24' title="bbox 205 3572 1639 3692; baseline -0.004 -21"><span class='ocrx_word' id='word_1_192' title='bbox 205 3583 555 3690; x_wconf 70' lang='lat' dir='ltr'><strong>adnaogauerant,</strong></span> <span class='ocrx_word' id='word_1_193' title='bbox 588 3595 634 3663; x_wconf 83' lang='lat' dir='ltr'><strong>vt</strong></span> <span class='ocrx_word' id='word_1_194' title='bbox 659 3575 711 3662; x_wconf 87' lang='lat' dir='ltr'><strong>ab</strong></span> <span class='ocrx_word' id='word_1_195' title='bbox 727 3579 777 3662; x_wconf 87' lang='lat' dir='ltr'><strong>iis</strong></span> <span class='ocrx_word' id='word_1_196' title='bbox 794 3579 1085 3692; x_wconf 83' lang='lat' dir='ltr'><strong>cognoscerent</strong></span> <span class='ocrx_word' id='word_1_197' title='bbox 1103 3575 1318 3681; x_wconf 72' lang='lat' dir='ltr'><strong>noratur,</strong></span> <span class='ocrx_word' id='word_1_198' title='bbox 1339 3577 1464 3666; x_wconf 76' lang='lat' dir='ltr'><strong>utha-</strong></span> <span class='ocrx_word' id='word_1_199' title='bbox 1622 3572 1639 3592; x_wconf 55' lang='lat'>⁸</span> 
     </span>
    </p>
   </div>
   <div class='ocr_carea' id='block_1_9' title="bbox 202 3700 1583 3963">
    <p class='ocr_par' dir='ltr' id='par_1_9' title="bbox 202 3700 1583 3963">
     <span class='ocr_line' id='line_1_25' title="bbox 205 3700 1466 3836; baseline 0 -41"><span class='ocrx_word' id='word_1_200' title='bbox 205 3715 274 3797; x_wconf 90' lang='lat' dir='ltr'><strong>bet</strong></span> <span class='ocrx_word' id='word_1_201' title='bbox 293 3710 397 3822; x_wconf 78' lang='lat' dir='ltr'><strong>apud</strong></span> <span class='ocrx_word' id='word_1_202' title='bbox 412 3703 672 3793; x_wconf 87' lang='lat' dir='ltr'><strong>Athenaeum</strong></span> <span class='ocrx_word' id='word_1_203' title='bbox 692 3700 939 3795; x_wconf 87' lang='lat' dir='ltr'><strong>Aristoteles.</strong></span> <span class='ocrx_word' id='word_1_204' title='bbox 958 3702 1024 3820; x_wconf 82' lang='lat'><strong>(3)</strong></span> <span class='ocrx_word' id='word_1_205' title='bbox 1041 3703 1158 3798; x_wconf 86' lang='lat' dir='ltr'><strong>Haec</strong></span> <span class='ocrx_word' id='word_1_206' title='bbox 1174 3728 1276 3836; x_wconf 80' lang='lat' dir='ltr'><strong>vero</strong></span> <span class='ocrx_word' id='word_1_207' title='bbox 1294 3703 1466 3822; x_wconf 63' lang='grc' dir='ltr'>θαύμα-</span> 
     </span>
     <span class='ocr_line' id='line_1_26' title="bbox 202 3829 1583 3963; baseline -0.005 -36"><span class='ocrx_word' id='word_1_208' title='bbox 202 3870 260 3927; x_wconf 81' lang='grc' dir='ltr'><strong>τα</strong></span> <span class='ocrx_word' id='word_1_209' title='bbox 279 3861 472 3952; x_wconf 88' lang='lat' dir='ltr'><strong>peperere</strong></span> <span class='ocrx_word' id='word_1_210' title='bbox 490 3834 634 3920; x_wconf 87' lang='lat' dir='ltr'><strong>insanas</strong></span> <span class='ocrx_word' id='word_1_211' title='bbox 653 3835 702 3920; x_wconf 90' lang='lat' dir='ltr'><strong>de</strong></span> <span class='ocrx_word' id='word_1_212' title='bbox 722 3831 885 3944; x_wconf 89' lang='lat' dir='ltr'><strong>Scythis</strong></span> <span class='ocrx_word' id='word_1_213' title='bbox 900 3829 1045 3921; x_wconf 80' lang='lat' dir='ltr'><strong>sabulos</strong></span> <span class='ocrx_word' id='word_1_214' title='bbox 1065 3887 1077 3938; x_wconf 86' lang='lat'><strong><em>,</em></strong></span> <span class='ocrx_word' id='word_1_215' title='bbox 1105 3858 1186 3947; x_wconf 90' lang='lat' dir='ltr'><strong>quo</strong></span> <span class='ocrx_word' id='word_1_216' title='bbox 1214 3857 1297 3917; x_wconf 88' lang='lat' dir='ltr'><strong>non</strong></span> <span class='ocrx_word' id='word_1_217' title='bbox 1312 3837 1458 3922; x_wconf 88' lang='lat' dir='ltr'><strong>imme-</strong></span> <span class='ocrx_word' id='word_1_218' title='bbox 1581 3953 1583 3963; x_wconf 28' lang='grc' dir='ltr'>Ι</span> 
     </span>
    </p>
   </div>
   <div class='ocr_carea' id='block_1_10' title="bbox 201 3961 1522 4464">
    <p class='ocr_par' dir='ltr' id='par_1_10' title="bbox 201 3961 1522 4464">
     <span class='ocr_line' id='line_1_27' title="bbox 202 3961 1496 4090; baseline -0.012 -32"><span class='ocrx_word' id='word_1_219' title='bbox 202 3973 282 4058; x_wconf 84' lang='lat' dir='ltr'><strong>rito</strong></span> <span class='ocrx_word' id='word_1_220' title='bbox 300 3967 523 4057; x_wconf 89' lang='lat' dir='ltr'><strong>Heraclidis</strong></span> <span class='ocrx_word' id='word_1_221' title='bbox 546 3961 723 4051; x_wconf 88' lang='lat' dir='ltr'><strong>Abarim</strong></span> <span class='ocrx_word' id='word_1_222' title='bbox 740 3963 906 4054; x_wconf 85' lang='lat' dir='ltr'><strong>retulisse</strong></span> <span class='ocrx_word' id='word_1_223' title='bbox 924 3965 1071 4090; x_wconf 82' lang='lat' dir='ltr'><strong>videtur</strong></span> <span class='ocrx_word' id='word_1_224' title='bbox 1088 3963 1322 4068; x_wconf 81' lang='lat' dir='ltr'><strong>Maulsacus.</strong></span> <span class='ocrx_word' id='word_1_225' title='bbox 1491 4069 1496 4079; x_wconf 21' lang='grc' dir='ltr'>ι</span> 
     </span>
     <span class='ocr_line' id='line_1_28' title="bbox 287 4086 1522 4204; baseline -0.006 -23"><span class='ocrx_word' id='word_1_226' title='bbox 287 4093 353 4181; x_wconf 90' lang='lat' dir='ltr'><strong>At</strong></span> <span class='ocrx_word' id='word_1_227' title='bbox 371 4093 609 4180; x_wconf 86' lang='lat' dir='ltr'><strong>Herodotus</strong></span> <span class='ocrx_word' id='word_1_228' title='bbox 625 4094 707 4178; x_wconf 90' lang='lat' dir='ltr'><strong>alio</strong></span> <span class='ocrx_word' id='word_1_229' title='bbox 722 4089 882 4204; x_wconf 81' lang='lat' dir='ltr'><strong>ingenio</strong></span> <span class='ocrx_word' id='word_1_230' title='bbox 896 4090 983 4198; x_wconf 86' lang='lat' dir='ltr'><strong>suit,</strong></span> <span class='ocrx_word' id='word_1_231' title='bbox 1002 4094 1069 4202; x_wconf 90' lang='lat' dir='ltr'><strong>qui</strong></span> <span class='ocrx_word' id='word_1_232' title='bbox 1088 4115 1180 4180; x_wconf 89' lang='lat' dir='ltr'><strong>cum</strong></span> <span class='ocrx_word' id='word_1_233' title='bbox 1200 4086 1461 4176; x_wconf 82' lang='lat' dir='ltr'><strong>OlbidsPon·</strong></span> <span class='ocrx_word' id='word_1_234' title='bbox 1519 4163 1522 4168; x_wconf 95' lang='lat'>.</span> 
     </span>
     <span class='ocr_line' id='line_1_29' title="bbox 201 4208 1495 4464; baseline -0.009 -150"><span class='ocrx_word' id='word_1_235' title='bbox 201 4208 371 4336; x_wconf 82' lang='lat' dir='ltr'><strong>ticisque</strong></span> <span class='ocrx_word' id='word_1_236' title='bbox 387 4223 602 4312; x_wconf 85' lang='lat' dir='ltr'><strong>aliisficest</strong></span> <span class='ocrx_word' id='word_1_237' title='bbox 619 4220 818 4443; x_wconf 65' lang='lat' dir='ltr'><strong>uersatus1⁴3</strong></span> <span class='ocrx_word' id='word_1_238' title='bbox 829 4239 884 4435; x_wconf 54' lang='grc' dir='ltr'><strong>ἔξ</strong></span> <span class='ocrx_word' id='word_1_239' title='bbox 894 4222 1158 4464; x_wconf 59' lang='lat' dir='ltr'><strong>npnmnmm</strong></span> <span class='ocrx_word' id='word_1_240' title='bbox 1174 4215 1327 4308; x_wconf 84' lang='lat' dir='ltr'><strong>fabulas</strong></span> <span class='ocrx_word' id='word_1_241' title='bbox 1340 4217 1460 4438; x_wconf 47' lang='lat' dir='ltr'><strong>lippet</strong></span> <span class='ocrx_word' id='word_1_242' title='bbox 1492 4319 1495 4328; x_wconf 37' lang='lat'>‚</span> 
     </span>
    </p>
   </div>
   <div class='ocr_carea' id='block_1_11' title="bbox 177 4587 776 4768">
    <p class='ocr_par' dir='ltr' id='par_1_11' title="bbox 177 4587 776 4768">
     <span class='ocr_line' id='line_1_30' title="bbox 177 4587 776 4768; baseline 0.018 -47"><span class='ocrx_word' id='word_1_243' title='bbox 177 4712 181 4721; x_wconf 85' lang='lat'>.</span> <span class='ocrx_word' id='word_1_244' title='bbox 276 4587 540 4768; x_wconf 68' lang='lat' dir='ltr'><strong>laiss·</strong></span> <span class='ocrx_word' id='word_1_245' title='bbox 769 4677 776 4732; x_wconf 59' lang='lat' dir='ltr'><strong>a</strong></span> 
     </span>
    </p>
   </div>
   <div class='ocr_carea' id='block_1_12' title="bbox 0 0 2198 5980">
    <p class='ocr_par' dir='ltr' id='par_1_12' title="bbox 0 0 2198 5980">
     <span class='ocr_line' id='line_1_31' title="bbox 0 0 2198 5980; baseline 0 4"><span class='ocrx_word' id='word_1_246' title='bbox 0 0 2198 5980; x_wconf 95' lang='lat' dir='ltr'><strong> </strong></span> 
     </span>
    </p>
   </div>
  </div>
 </body>
</html>
