4386 5980
665 529 1042 645 carcereo„
1224 499 1227 504 ’
1303 563 1312 572 ·
1371 581 1474 686 449

205 726 287 820 ulis
298 785 311 837 ,
333 719 616 821 Alexandrum
634 732 684 820 ad
703 730 805 819 hunc
819 733 1040 825 Caucasum
1056 725 1336 827 excursionem
1352 735 1474 825 secie-

214 861 266 947 se
301 845 575 949 ·‘Alexander
591 861 845 976 Olympiade
864 865 981 956 CXI.
1007 890 1048 956 2.
1065 873 1202 981 primo
1218 893 1310 954 vere
1325 869 1486 955 Eleum·

110 1026 115 1037 r
213 1008 256 1076 te
273 984 392 1077 soluit
408 1007 450 1078 et
470 993 521 1079 ad
546 991 707 1106 Sigeum
734 998 917 1108 adpulit,
947 999 997 1084 ad
1011 992 1230 1087 Granicum
1248 1019 1377 1083 autem
1397 1023 1470 1108 pu·

212 1121 346 1227 gnauit
362 1119 643 1234 Thargelionis
660 1123 770 1208 sexto
793 1127 868 1232 die,
891 1123 954 1214 seu
971 1129 1070 1215 Maii
1078 1129 1219 1214 Iuliani
1235 1125 1298 1212 die
1321 1123 1475 1234 XXII.

213 1243 314 1334 Inde
333 1237 497 1338 Cariam
517 1247 740 1365 Phrygiam
767 1253 936 1365 Lyciam
961 1251 1239 1367 Pamphyliam
1266 1255 1478 1368 ingressus,

196 1376 401 1488 ‘superatis
414 1377 577 1467 Ciliciae
594 1401 634 1467 et
650 1377 873 1469 Amanicis
884 1385 1011 1472 Tauri
1028 1387 1199 1473 claustris
1218 1385 1261 1470 in
1288 1384 1405 1496 Syria
1424 1382 1478 1470 ad

212 1504 333 1610 Issum
364 1509 892 1619 mense-Maemasterione‚
934 1515 1002 1624 qui
1023 1515 1142 1601 nobis
1172 1512 1361 1603 Ostober
1399 1513 1487 1618 est,

210 1638 409 1748 praelium
426 1640 593 1724 alterum
613 1641 824 1731 commisrt.
891 1643 958 1728 Ex
984 1667 1036 1726 eo
1063 1669 1136 1754 per
1155 1643 1194 1728 se
1216 1643 1383 1754 quisque
1406 1643 1469 1726 in-

210 1766 369 1874 telligit3
395 1787 554 1873 tempus
576 1764 825 1854 Alexandro
844 1769 1064 1880 superfuisse
1082 1775 1261 1876 nullum,
1293 1793 1374 1883 quo
1397 1794 1469 1854 ue·
1512 1841 1521 1850 .

210 1893 464 1982 luti-otiosus
493 1921 726 1984 excurreret
755 1903 806 1987 ad
823 1897 1056 1986 Caucafirm.
1119 1900 1287 1988 Postea
1303 1901 1486 2010 Tyrum,

213 2021 376 2110 obsedit
390 2024 538 2138 septem
548 2025 701 2112 meuses
718 2051 760 2114 et
775 2028 927 2115 stamma
942 2031 1114 2138 vicepit‚
1130 2025 1303 2140 Olymp.
1326 2025 1473 2122 CXII.
1559 2057 1563 2066 ·

216 2171 253 2240 1.
317 2147 983 2274 Hecatombaeoniseernnddr,seu
997 2156 1153 2244 Sextilis
1168 2149 1314 2246 Iuliani
1331 2157 1470 2243 nicen-

209 2305 296 2374 m0.
364 2285 487 2375 Vrbe
504 2314 551 2372 ea
570 2309 769 2402 occupata
786 2282 1033 2398 Aegyptum
1049 2287 1475 2399 petiit„0rdinatisque

208 2414 330 2497 rebus
347 2413 398 2499 ab
410 2439 482 2502 ora
499 2404 754 2528 Hellesponti
770 2442 892 2528 usque
912 2419 951 2501 in
967 2414 1245 2526 Aegyptum,
1276 2417 1327 2502 ad
1354 2417 1470 2502 Tha·
1489 2457 1513 2494 ι
1566 2453 1570 2456 ·
1741 2523 1752 2552 ·.

208 2539 369 2653 psacum
387 2545 504 2630 rediit
533 2543 790 2659 Olympiadis
805 2545 950 2638 CXII.
979 2565 1020 2632 2.
1084 2540 1470 2653 Hecatombaeone,
1523 2571 1527 2578 ·

207 2669 273 2755 seu
290 2667 457 2794 Quintili
476 2671 643 2761 Iuliane.
706 2671 813 2764 Cum
829 2677 1029 2762 excercitu
1038 2669 1205 2764 Persrco
1225 2663 1415 2786 pugnauit
1423 2675 1474 2761 ud

148 2899 154 2906 ¹
209 2795 415 2888 Arbelam
443 2801 508 2888 seu
533 2797 789 2912 Gaugamela,
816 2802 1114 2918 Pyanepsrone‚
1143 2802 1206 2890 seu
1238 2799 1478 2890 Nouembri

207 2925 356 3022 mense.
421 2931 577 3020 Darius
606 2922 659 3019 'eo
687 2933 841 3044 praelio
865 2934 990 3018 uictus
1012 2934 1191 3019 muheres
1217 2951 1257 3018 et
1274 2933 1472 3060 reliquum

205 3065 346 3174 regiae
360 3061 449 3146 suae
467 3082 702 3174 apparatum
720 3063 770 3148 ad
791 3055 909 3173 Pylas
923 3059 1088 3172 Caspias
1107 3063 1222 3156 misrt,
1257 3058 1321 3176 (3)
1333 3056 1473 3148 Alex·

204 3191 331 3279 ander
356 3211 490 3280 autem
515 3194 670 3306 magnis
689 3193 889 3278 itineribus
902 3187 1139 3302 Persepolin
1163 3191 1355 3277 festinauit
1380 3246 1392 3293 ‚
1425 3208 1471 3278 et

202 3319 374 3408 Darium
391 3318 438 3406 ¹ih
466 3321 604 3408 Media
630 3323 758 3408 cestra
779 3319 995 3408 habentem
1024 3320 1203 3428 secutus,
1223 3345 1326 3404 cum
1358 3319 1469 3406 isthic

142 3515 149 3522 .
204 3474 331 3561 neque
348 3445 518 3558 Scythas
531 3446 563 3555 i,
600 3477 726 3562 neque
755 3448 948 3538 Cadusios
978 3451 1176 3552 auxiliaci
1206 3446 1344 3535 misrffe
1385 3467 1470 3550 ,ut
1610 3485 1612 3492 ’

204 3580 308 3666 sama
328 3581 575 3692 uulgauerat,
599 3579 650 3664 ab
670 3579 872 3668 Ecbatana
899 3583 1118 3690 cognouit,
1153 3605 1245 3664 cum
1265 3579 1399 3688 paucis
1416 3603 1459 3663 e-

207 3708 380 3820 quitibus
400 3706 621 3818 persecutus
639 3711 694 3796 est
715 3709 928 3822 fugientem
947 3711 989 3794 in
1007 3707 1216 3796 Parthiam.
1284 3705 1368 3796 Hic
1382 3709 1467 3816 qui-

205 3839 295 3924 dem
312 3832 506 3922 Arrianus
522 3835 676 3947 scribit,
702 3837 769 3959 (4)
782 3836 1066 3926 Alexandrum
1079 3863 1133 3926 ex
1152 3835 1291 3927 Media
1305 3837 1347 3921 in
1371 3827 1469 3922 Par-

203 3967 330 4052 thiam
348 3965 524 4078 irrupisse
546 3994 620 4077 per
641 3964 763 4080 Pylae
781 3968 943 4080 Caspias
965 4023 978 4074 ,
1008 3964 1075 4054 sed
1103 3988 1374 4080 quaecumque
1397 3963 1467 4052 illa

207 4097 310 4181 intra
333 4097 514 4184 Mediam
536 4093 820 4209 Parthiamque
844 4099 1011 4186 claustra
1030 4093 1214 4202 suenum,
1238 4093 1468 4204 nouutique

193 4223 291 4314 dunt
308 4221 476 4340 Caspia,
495 4252 595 4340 quae
611 4231 852 4342 quaerimus.
917 4227 1047 4350 Quod
1063 4225 1150 4314 sane
1166 4220 1401 4355 Plutarchus
1408 4228 1465 4311 ri-

665 4398 667 4406 ⁴
849 4355 934 4448 Lll
1395 4354 1468 4460 dit,

308 4611 376 4734 (3)
403 4607 602 4708 Arrianm
615 4631 661 4738 p.
690 4609 869 4738 205-.'ed
883 4607 1017 4706 Blanc.
1034 4605 1260 4740 (4lp208.
1396 4621 1400 4629 “
