4352 5962
604 393 1053 560 aaaronrcaa.
1145 439 1157 448 ·
1381 463 1474 584 333

10 729 21 788 3
108 741 113 746 .
217 687 386 764 mortua
403 659 726 770 nobisenposrit.
759 655 977 774 Pnstquarn
994 662 1103 750 enim
1123 681 1253 752 totum
1274 667 1478 780 abdomen

217 801 398 910 sanguine
425 790 553 882 effuso
581 789 790 902 oppletum
806 790 914 895 esset,
936 819 988 878 ex
998 797 1153 880 omenti
1179 795 1506 912 haemorrhagia‘

208 931 324 1036 ‚hanc
350 922 569 1012 occubuisse
588 945 639 1006 ex
669 917 751 1002 hoc
777 943 858 1004 uno
888 922 1130 1032 constabat,
1160 926 1252 1036 ana
1268 927 1367 1013 inter
1385 927 1478 1016 folja

220 1062 374 1146 omenti
400 1055 517 1166 parui
544 1047 718 1164 grumuli
729 1051 939 1160 intercepti
956 1056 997 1136 &
1015 1052 1148 1138 inclusi
1164 1073 1285 1142 erant.
1347 1054 1478 1146 Caete·

219 1187 360 1289 namin
376 1181 573 1269 rariffima
592 1176 718 1264 hacce
735 1177 1005 1282 laesrone‚illud
1030 1181 1134 1267 forte
1146 1185 1480 1271 inconfideratio.

219 1337 312 1400 nem
329 1312 570 1400 trahendum
585 1309 640 1393 est
659 1364 671 1415 ‚
698 1309 808 1419 quod
818 1328 965 1420 praeter
982 1332 1133 1396 naturae
1156 1311 1367 1400 institutum
1386 1367 1399 1418 ‚
1433 1335 1491 1398 o.·

217 1463 398 1530 mentum
419 1439 545 1526 frando
562 1437 657 1522 uteri
685 1456 903 1523 connatum
929 1436 1035 1522 esset.
1078 1440 1156 1525 uiri
1180 1437 1355 1557 Ruysch.
1381 1435 1478 1562 Obfi

218 1565 348 1666 Anat.
370 1565 557 1679 Chimrg.
586 1563 743 1652 Lxllu
758 1567 800 1650 δι
817 1562 1074 1658 LXXXIII.

337 1825 447 1912 Inter
471 1841 629 1908 mortes
655 1819 802 1906 subitas
828 1820 1038 1908 hominrnn
1060 1819 1227 1910 insolens
1249 1787 1478 1939 exemplum
1504 1803 1555 1894 H
1558 1836 1698 1906 remora

219 1946 527 2066 haemorrhagiae
547 1953 713 2036 occultae
733 1945 938 2039 Stomachi
959 1949 998 2036 se
1012 1951 1126 2058 fistit,
1160 1977 1243 2038 non
1257 1981 1303 2068 ea
1322 1957 1372 2040 de
1388 1983 1480 2043 cau.
1506 1937 1648 2054 rhagia

221 2085 261 2172 sa
293 2083 488 2188 leuans,
554 2080 646 2190 quia
682 2077 835 2188 sanguis
881 2098 998 2165 extra
1028 2082 1192 2167 nirnirun
1229 2084 1269 2169 in
1306 2085 1476 2172 modam
1487 2067 1690 2184 stomachi
1799 2129 1803 2136 ·

220 2211 455 2330 prorumpit
473 2239 487 2324 3
513 2204 578 2289 sed
593 2208 679 2316 quia
696 2201 917 2292 stomachus
934 2207 1046 2294 citius
1060 2207 1253 2323 sanguinis
1267 2214 1386 2323 copia
1400 2241 1476 2326 op·
1594 2317 1598 2330 ,
1617 2291 1636 2328 ,1

81 2355 87 2362 ’
221 2342 409 2456 primitur
432 2341 475 2424 δι
500 2333 712 2421 suffocatur
735 2359 857 2444 quarn
875 2337 953 2422 eius
969 2337 1134 2450 srveper
1150 2361 1200 2421 os
1219 2341 1302 2424 siue
1319 2367 1394 2450 per
1410 2344 1470 2428 in·
1577 2429 1580 2438 A

224 2471 359 2560 teffina
382 2467 549 2557 effluxus
582 2463 812 2552 excreuoue
831 2462 921 2550 fieri
940 2468 1089 2576 potest.
1151 2469 1217 2555 Eo
1235 2487 1364 2557 autern
1383 2497 1477 2558 mo-

221 2600 279 2686 do
296 2600 423 2688 homo
441 2594 714 2709 sexagenarius
731 2611 913 2680 enecatus
938 2596 995 2680 est
1016 2593 1236 2707 improuiso
1260 2586 1407 2711 absque
1420 2601 1479 2686 ul-

219 2729 257 2846 Ia
276 2727 494 2841 inspicione
511 2722 635 2809 causae
652 2722 693 2805 in
711 2721 923 2806 stomacho
931 2723 1110 2827 latentis,
1125 2723 1208 2808 hoc
1228 2727 1297 2833 est,
1314 2731 1477 2814 sineno·

223 2857 331 2944 mitra
346 2919 360 2966 ‚
375 2855 455 2944 sme
474 2849 759 2940 deidfionibus
776 2848 954 2936 cruentis.
1016 2847 1131 2938 Tota
1155 2853 1305 2938 cavitas
1330 2859 1479 2942 ventri-
1605 2853 1606 2856 ‘

90 3093 97 3105 .
225 2989 301 3075 culi
327 3009 409 3072 uno
441 2979 678 3095 praegrandi·
695 2981 736 3064 ἀ
761 2977 939 3064 strrmam
977 2977 1061 3064 eius
1079 2981 1293 3068 referente
1329 3009 1479 3098 guamo

224 3140 320 3201 eum
341 3112 567 3198 inmodum
587 3105 737 3194 obsessa
756 3107 971 3218 &oppleta
990 3128 1075 3194 erat
1093 3173 1106 3218 ‚
1136 3128 1180 3196 ut
1201 3110 1368 3221 spatium
1393 3114 1490 3200 nuh

150 3257 169 3272 ”
223 3243 312 3331 lum
326 3265 492 3352 uacuum
518 3241 625 3326 inter
645 3238 838 3347 pylorum
862 3240 903 3322 ἀ
926 3237 1120 3324 firistrum
1143 3241 1343 3327 orificium
1358 3245 1474 3328 relin-

224 3389 420 3486 queretur.
490 3365 697 3474 Caterum
717 3363 946 3484 praeriicinn
973 3365 1137 3454 mariam
1163 3371 1254 3454 nihil
1273 3370 1379 3456 aliud
1404 3371 1482 3456 effe

157 3529 160 3532 ·
226 3525 349 3615 quam
365 3523 512 3612 purum
527 3495 722 3604 sanguInis
740 3518 928 3608 grumum
955 3495 1104 3606 absque
1128 3498 1286 3583 alterius
1304 3497 1476 3583 substan-
1609 3497 1611 3502 ’
1755 3571 1759 3578 .

227 3631 289 3719 riae
300 3628 573 3742 pennixtione
589 3647 679 3713 tum
696 3624 777 3708 visu
798 3643 885 3708 turn
902 3626 1182 3734 experimento
1202 3627 1485 3741 cognovimus.
1683 3645 1688 3652 ·

226 3759 274 3848 In
294 3757 667 3848 stomacho-mirum
687 3750 812 3861 diriu!
828 3751 1015 3864 perfecta·
1029 3756 1275 3868 integritatis:
1296 3757 1345 3847 In
1361 3753 1486 3844 Liene
1525 3787 1529 3794 ·

228 3909 407 3978 econtra
431 3887 652 4004 putredinis
668 3905 781 3974 notae
806 3882 1174 4002 depreheniesunt.

188 4137 191 4146 ‘
312 4133 1487 4262 'Notasseuimpressionesfulministamexternasquamin·
1515 4104 1713 4246 Nmsw

91 4393 95 4398 Ι
229 4279 530 4365 ternasinvariis
540 4270 1201 4392 regionibusannotatas‚fortenon
1210 4281 1382 4366 omnino
1390 4298 1487 4362 ron·
1512 4259 1709 4372 imprefflo·

229 4408 530 4516 tenuereiicet,
547 4403 861 4497 utnaturahnins
877 4404 1058 4522 stupendi
1074 4404 1337 4523 phaenomeni
1358 4404 1487 4622 paullao
1506 4378 1711 4541 nfssulmi-
1741 4484 1745 4496 .

1404 4547 1427 4619 ς
1464 4577 1484 4599 .
1502 4543 1584 4616 ms,
