4386 5980
732 531 829 634 432
1239 503 1327 598 DE
1351 504 1547 606 tutuo

730 693 884 809 gnouit.
947 691 1243 806 Irintliuterpe
1261 691 1453 808 Caspium
1479 717 1592 782 mare
1618 689 1737 788 tradit
1761 688 1990 802 quindecim

730 823 889 910 dierum
911 823 1155 932 longitudine
1182 845 1222 910 et
1249 825 1348 920 odio
1376 823 1532 912 dierum
1557 821 1763 908 latitudine
1788 843 1990 932 compre·

728 952 895 1038 hensum
907 1005 920 1056 ‚
958 954 1009 1038 ad
1032 953 1292 1039 occidentem
1315 953 1468 1042 habere
1483 947 1709 1038 Caucasum
1724 943 1991 1060 'praetentum

729 1085 907 1170 vastitate
929 1102 973 1168 et
1001 1085 1202 1170 altitudine
1229 1083 1397 1189 eximia,
1441 1082 1653 1189 multisque
1682 1077 1992 1188 diuersarumque

729 1213 931 1328 nationum
948 1211 1188 1298 mortalibus
1206 1205 1493 1323 frequentatum
1504 1219 1534 1314 ‚'
1552 1212 1620 1320 qui
1634 1211 1764 1296 testes
1778 1206 1992 1318 pingebant

729 1337 866 1450 succo,
900 1342 961 1424 ita
988 1361 1036 1425 ut
1051 1341 1312 1448 animantium
1325 1343 1478 1454 figurae
1498 1363 1580 1424 non
1595 1338 1743 1449 puae,
1770 1336 1835 1421 sed
1854 1341 1983 1422 intex-

657 1459 665 1475 '
727 1485 793 1554 tae
810 1469 1062 1572 riderentur,
1092 1468 1267 1554 durabili
1286 1473 1399 1556 lanae
1422 1469 1576 1558 colore.
1643 1469 1708 1552 lio
1733 1485 1897 1569 monte,
1932 1467 1992 1579 (vt

546 1609 549 1616 ’
725 1598 762 1684 is
785 1598 827 1712 in
843 1595 1077 1713 Thaliaait)
1102 1592 1307 1684 Persarum
1325 1597 1541 1705 imperium
1558 1597 1860 1696 terminabatur,
1881 1617 1924 1680 et
1939 1597 1988 1679 ab

728 1724 817 1812 eius
835 1725 977 1812 incolis
994 1729 1131 1835 quinto
1147 1753 1310 1840 quoque
1334 1753 1438 1814 anno
1450 1725 1614 1830 centeni
1634 1728 1745 1832 pueri
1770 1747 1810 1810 et
1829 1726 1990 1810 condem

737 1855 894 1962 puellae
915 1854 1105 1942 tributum
1122 1855 1378 1942 mittebantur
1395 1857 1499 1968 regi.
1562 1847 1645 1938 Ad
1662 1853 1991 1964 septemtrionem

670 1977 678 2000 ⁰
732 1971 898 2069 Caucasi
917 1983 1022 2068 nihil
1041 1986 1123 2068 iam
1139 1982 1287 2079 Perfici
1309 1986 1401 2070 iuris
1418 2005 1504 2069 erat
1522 1982 1624 2102 etad
1641 1986 1840 2068 orientem
1860 1969 1991 2092 Caspi

733 2112 861 2197 maris
877 2112 1056 2222 planities
1069 2111 1251 2200 immensi
1263 2114 1388 2223 spatii,
1413 2109 1725 2224 Massagetarum
1745 2109 1874 2216 sedes,
1894 2129 1990 2200 nota

730 2261 826 2326 erat
896 2236 1073 2328 Claustra
1092 2259 1256 2354 quoque
1275 2244 1354 2328 duo
1366 2244 1407 2325 in
1416 2241 1511 2330 Clio
1524 2241 1694 2330 obscure
1713 2243 1887 2351 attingit,
1919 2265 1992 2350 per

522 2463 525 2476 ,
580 2433 582 2438 -
730 2357 831 2478 quiae
848 2355 1069 2454 Cimmerii
1089 2367 1512 2481 Scythaequediuetsrs
1528 2366 1991 2482 regionibustiisquees·

729 2489 801 2582 suli
817 2495 953 2580 suntin
979 2494 1223 2604 superiorem
1240 2501 1517 2610 minoremque
1527 2496 1680 2586 Astatn.
1689 2495 1834 2596 ,Nihilo
1849 2497 1988 2582 notior

548 2727 551 2735 Α
730 2621 931 2712 Caucasus
950 2650 1024 2733 per
1040 2627 1318 2736 expeditiones
1336 2625 1564 2716 Alexandri
1580 2630 1868 2738 imperiumque
1891 2623 1980 2734 Ly-

574 2837 578 2844 .
729 2753 898 2860 simachi
910 2773 974 2839 aut
995 2749 1123 2842 Asiae
1151 2755 1366 2868 Syriaeque
1384 2779 1547 2868 regum,
1598 2759 1797 2868 quoniam
1823 2757 1987 2842 illorum
2065 2860 2070 2869 Ι

719 2905 891 2994 ‘quoque
910 2909 973 2967 res
985 2885 1024 2966 in
1038 2884 1212 2970 obscuro
1233 2887 1372 2972 iacent.
1435 2885 1484 2972 L.
1506 2881 1982 2988 Luculluspebusaduer.

728 3008 790 3096 sus
810 3011 1085 3100 Mithridatem
1104 3015 1245 3119 gestis,
1277 3017 1379 3102 haud
1399 3017 1531 3128 longe
1543 3017 1593 3102 ab
1611 3042 1663 3100 eo
1684 3035 1830 3100 monte
1847 3013 1984 3104 absuit.

563 3195 571 3206 ·
729 3125 812 3230 Cn.
834 3140 1051 3250 Pompeius
1070 3141 1353 3230 Romanorum
1382 3148 1530 3256 primus
1566 3167 1745 3255 propea
1774 3142 1984 3234 Caucaseis

551 3271 553 3276 ’
728 3269 900 3354 claustris
923 3266 1115 3362 consedit,
1179 3269 1368 3360 Lucanus
1390 3271 1457 3394 (4)
1481 3269 1725 3388 Pompeium
1746 3280 1801 3360 ita
1827 3275 1982 3386 loquen-

729 3417 812 3482 tem
832 3399 982 3486 inducit
1003 3403 1043 3482 in
1069 3397 1313 3488 Pharsalicis:
1976 3493 1980 3501 .

790 3523 841 3612 Si
856 3551 936 3634 uos,
957 3550 978 3608 o
996 3523 1152 3633 Parthi,
1186 3544 1355 3642 peterem
1372 3555 1454 3614 cunt
1473 3524 1611 3646 Caspia
1624 3529 1811 3650 claustra,

788 3649 1037 3770 Etsaquerer
1052 3657 1169 3742 duros
1194 3664 1342 3746 auaui
1361 3655 1522 3746 Martis
1544 3655 1704 3764 Alanos,

790 3778 917 3894 Paffiu
937 3780 1214 3873 Achaemeniis
1236 3787 1315 3876 late
1332 3790 1548 3876 decurrere
1560 3792 1712 3901 campis.

757 4041 759 4048 ’
815 4007 902 4092 Ἐκ
918 4023 970 4089 e'o
996 4026 1182 4122 tempore
1199 3973 1681 4124 claustraduo'Caucasn
1718 3955 1978 4122 adorientem

713 4121 872 4243 'Caspia
889 4133 928 4250 (a
948 4139 1079 4224 u'cino
1098 4130 1223 4246 mari,
1249 4167 1373 4254 aquo
1388 4145 1510 4230 etiam
1530 4155 1674 4246 tradius
1699 4155 1850 4236 montis
1871 4151 1920 4235 ad
1937 4177 1982 4232 o·

739 4257 1307 4402 rientemdiuergens‚Caspius
1317 4273 1581 4387 didius‚srqua
1590 4280 1853 4368 Eratostheni
1872 4277 1986 4394 fides)

1868 4407 1983 4534 w

839 4595 1375 4772 mamam
