4306 5952
637 485 766 586 ω
915 471 1281 608 'enimenin
1335 471 1716 576 ornrnrcn

1191 705 1362 796 reema
1407 733 1445 820 3.

786 843 859 938 28.
893 839 943 930 Si
959 843 1055 930 idem
1075 843 1205 930 mobile
1216 859 1291 954 per
1307 836 1574 954 idemspatium
1593 841 1847 960 transfertur,
1871 837 1921 957 es-

657 978 781 1101 fedius
796 967 893 1064 idem
917 977 979 1092 est.

1041 1189 1044 1200 ,
1197 1093 1422 1222 Scholion„

801 1259 875 1350 19.
911 1231 1179 1346 supponimus
1195 1258 1344 1342 nempe
1359 1247 1517 1316 motum
1536 1231 1622 1317 fieri
1642 1228 1686 1317 in
1700 1234 1930 1322 medionon

602 1463 606 1470 ,
674 1369 896 1470 resistente,
920 1386 985 1452 ant
998 1363 1132 1450 saltem
1153 1362 1405 1448 abstraiimns
1422 1360 1473 1445 ab
1493 1364 1766 1474 adiione‚qnae
1780 1367 1929 1477 impen.

677 1501 780 1585 ditur
801 1500 842 1581 in
857 1491 1123 1608 inputandam
1145 1492 1403 1578 resistentiam
1420 1491 1571 1577 medii:
1611 1493 1653 1577 id
1683 1495 1791 1606 qnod
1823 1497 1927 1600 iicet,

676 1627 863 1746 quamdin
896 1627 1097 1739 temporis
1122 1623 1229 1708 nulla
1261 1623 1429 1709 habetur
1464 1623 1614 1738 regin,
1663 1649 1745 1738 qno
1774 1624 1931 1714 effeetus

508 1781 511 1794 ·
673 1755 917 1872 producitur.
990 1861 994 1867 Ι

1161 1877 1383 1972 Theorema
1420 1903 1460 1974 1.

683 2019 689 2029 ⁸
800 2059 882 2134 20.
914 2035 964 2131 Si
980 2057 1140 2157 corpora
1156 2035 1356 2154 inequalia
1375 2031 1712 2125 eademeelerr‘tate
1726 2025 1932 2148 monentur,

677 2163 891 2283 oiresfimt
918 2188 963 2259 nt
987 2169 1118 2288 maffae.

685 2401 688 2408 ,
788 2296 850 2387 Sit
883 2305 1070 2415 corporis
1111 2325 1149 2386 m
1179 2295 1384 2386 celeritate
1425 2287 1581 2410 clmoti
1605 2298 1668 2385 vis
1717 2328 1760 2395 u.
1823 2303 1933 2416 Ergo

584 2487 589 2498 ,
682 2433 869 2542 corporis
883 2434 1045 2519 ulterius
1065 2432 1226 2542 aeqnnlis
1246 2457 1283 2514 m
1310 2429 1452 2512 endem
1474 2428 1677 2525 celeritate
1700 2456 1721 2512 r
1744 2434 1850 2516 moti
1874 2435 1934 2516 vis

683 2567 808 2647 etiam
831 2586 860 2646 n
885 2564 941 2649 est
957 2561 1020 2686 (q,
1040 2585 1078 2656 ι,
1092 2559 1105 2676 )
1121 2558 1405 2671 consequenter
1419 2558 1610 2671 corporis
1631 2560 1691 2645 bis
1721 2587 1758 2648 m
1789 2561 1926 2646 celeri·

679 2707 763 2773 tate
796 2715 817 2774 e
852 2689 1011 2780 latinis
1040 2693 1097 2778 est
1129 2689 1192 2773 bis
1216 2715 1256 2773 n.
1324 2688 1485 2775 Eodem
1514 2690 1642 2776 modo
1669 2709 1821 2802 patet,·
1847 2689 1935 2776 fore

684 2824 876 2929 corporis
892 2844 953 2908 ter
973 2852 1010 2909 m
1034 2822 1240 2907 celeritate
1264 2845 1285 2902 c
1306 2820 1412 2903 moti
1436 2821 1516 2903 vim
1540 2839 1604 2906 ter
1622 2823 1712 2922 eq&
1729 2824 1770 2904 in
1791 2846 1936 2933 genere

654 2985 658 2992 ·
686 2954 871 3057 corporis
890 2979 950 3036 nm
967 2949 1123 3066 (zM)
1150 2949 1354 3034 celeritate
1392 2949 1535 3034 emoti
1554 2975 1607 3032 nn
1633 2945 1807 3066 (εν.)
1868 2949 1934 3037 Est

686 3078 810 3186 igitur
835 3081 904 3170 V:
931 3083 1104 3168 on:
1138 3106 1175 3163 m
1207 3079 1287 3162 hoc
1311 3079 1398 3182 est,
1444 3101 1665 3187 corporum
1687 3079 1934 3190 inaequalium

584 3199 586 3206 ’
685 3207 829 3293 eadem
849 3211 1055 3297 celeritate
1075 3227 1288 3322 motorum
1305 3209 1410 3293 vires
1425 3205 1507 3294 sunt
1526 3228 1569 3292 nt
1584 3205 1796 3330 maffaeQ.
1812 3211 1863 3300 E.
1882 3207 1935 3296 D.

1165 3331 1375 3423 Theorema
1397 3359 1445 3433 2.

799 3487 878 3584 2'1.
912 3481 1095 3578 Actiones
1110 3484 1314 3600 nrtifhrmes
1329 3491 1455 3577 eodem
1472 3505 1641 3606 tempore
1656 3487 1831 3608 absoluta
1851 3477 1936 3605 fio'n

533 3645 535 3648 ·
686 3615 894 3734 intersunt
910 3619 1030 3715 uires.

1159 3741 1452 3874 Demmstrntio.

807 3885 1059 3984 Absolvatnr
1075 3894 1165 3983 vi'n
1198 3900 1298 3988 ndiio
1315 3926 1343 3984 n
1359 3918 1545 4008 tempore
1559 3911 1591 3982 t.
1653 3903 1769 4012 Bego
1793 3897 1936 3984 endem

690 4023 756 4109 vel
774 4028 911 4136 aeqnuli
938 4031 1017 4112 vin
1034 4029 1180 4114 eodem
1197 4047 1385 4139 tempore
1403 4042 1423 4110 t
1450 4029 1681 4116 absolvetur
1701 4030 1774 4115 alin
1802 4030 1938 4132 ndiioq

689 4156 826 4264 priori
850 4157 1007 4266 aeqnnlis
1025 4152 1087 4270 (ᾗ.
1111 4181 1134 4270 3
1167 4153 1182 4266 i
1215 4158 1502 4272 consequenter
1520 4162 1557 4244 vi
1577 4160 1636 4243 bis
1656 4187 1685 4244 n
1712 4157 1939 4244 absolvetur

691 4282 1078 4393 eodemtemporet
1104 4285 1209 4371 adio
1234 4288 1350 4392 biga,
1418 4286 1606 4374 Similiter
1625 4307 1757 4401 patet,
1779 4288 1819 4372 vi
1838 4309 1940 4372 tero
2038 4322 2042 4336 ·

692 4410 842 4493 eodem
875 4397 1062 4523 tempore
1088 4431 1107 4499 t
1129 4413 1279 4504 absolui
1306 4420 1457 4504 debere
1483 4423 1677 4507 eddonem
1703 4439 1767 4502 ter
1797 4441 1825 4502 a
1860 4421 1935 4502 dec.
2050 4441 2056 4454 ’

693 4537 831 4627 Immo
850 4542 892 4627 in
904 4566 1071 4654 genere,
1082 4547 1124 4634 vi
1141 4566 1183 4632 ut
1196 4573 1247 4634 nn
1262 4543 1393 4663 (2V)
1412 4547 1563 4636 absolvi
1581 4549 1727 4637 debere
1746 4547 1941 4634 addonem

1903 4691 1947 4760 nt
