4386 5980
650 456 654 465 ’
705 531 808 638 440-
1201 469 1537 582 numero
1682 489 1686 498 ·
1764 471 1768 478 ·

707 705 874 795 ruptum
899 700 952 764 ex
985 671 1191 786 Lahgjan,
1226 695 1326 782 quae
1342 668 1443 756 urbs
1469 669 1507 750 in
1535 653 1679 748 Gilana
1696 660 1870 776 regione
1885 662 1964 777 est,

706 815 906 921 Laginum
948 807 1169 915 Europaeis
1213 803 1388 904 dicium,
1442 793 1644 907 quadritui
1684 795 1749 878 vin
1774 823 1796 878 a
1821 783 1966 886 Casbi.

710 969 783 1033 no,
850 932 1078 1054 Phiinfu·bcrlr
1107 932 1224 1043 quale
1247 929 1321 1040 sn,
1356 926 1536 1034 augurari
1559 947 1644 1006 non
1669 924 1841 1032 possirm,
1906 926 1976 1048 Ar

670 1151 674 1156 .
712 1064 898 1181 Bergerd
934 1067 992 1150 est
1031 1065 1149 1174 regio
1184 1053 1304 1171 Besa,
1330 1055 1393 1144 seu
1429 1077 1476 1139 vt
1500 1051 1667 1136 Arabes
1691 1057 1972 1162 pronunciant,

711 1195 851 1311 Phasa‚
883 1193 987 1308 quasi
1006 1191 1187 1278 borealem
1208 1189 1318 1273 dicus
1349 1240 1362 1289 ,
1402 1182 1511 1296 quod
1532 1183 1735 1266 adortum
1758 1185 1976 1276 brumalem

714 1323 979 1436 Persepoieus
995 1322 1108 1406 urbis
1122 1318 1191 1405 fita
1208 1318 1281 1412 est.
1345 1313 1455 1406 Hinc
1470 1315 1512 1398 in
1522 1309 1696 1422 regione
1709 1317 1834 1422 nigra,
1843 1313 1972 1430 (Cim.

684 1499 686 1504 ·
716 1452 1057 1544 menesten'ebras
1077 1449 1315 1533 inaudiucrrt
1334 1444 1557 1532 runiffimus
1575 1435 1721 1554 homo)
1746 1442 1887 1530 decern
1909 1449 1971 1532 iti.

717 1612 814 1674 nere
838 1583 996 1667 dierum
1025 1579 1130 1665 adeo
1160 1574 1312 1666 foetere
1338 1599 1467 1658 rerem
1484 1566 1622 1678 sensit,
1655 1591 1698 1657 vt
1716 1599 1834 1686 aegre
1851 1575 1977 1660 dirum

718 1718 893 1802 odorem
914 1709 1108 1794 balsamis
1146 1725 1405 1816 temperaret.
1500 1699 1648 1786 Itinere
1683 1705 1827 1790 mensis
1856 1706 1982 1812 mins,

718 1871 796 1958 per
814 1847 906 1928 loca
924 1864 945 1924 n
965 1831 1291 1946 Gogonragogo
1307 1833 1460 1917 vastata
1479 1831 1688 1938 confeiio,
1715 1833 1981 1946 deniquepost

719 1975 788 2061 sex
806 1973 903 2056 alios
923 1969 1005 2054 dies
1020 1965 1071 2052 ad
1085 1961 1322 2051 Chrcrnum
1341 1959 1480 2048 Otcos
1496 1962 1632 2069 uenit,
1666 1963 1732 2072 qui
1759 1967 1981 2078 propinqua
2152 1999 2154 2088 r

552 2156 558 2164 ·
721 2103 855 2190 monti
876 2097 1120 2196 huictenuit‚
1148 2090 1420 2178 cniusinhiatu
1438 2111 1558 2199 agger
1574 2111 1675 2181 erat.
1710 2087 1788 2180 Hic
1808 2095 1875 2178 ille
1891 2121 1976 2180 rnu-

720 2259 818 2320 rum
838 2229 1008 2338 inspexit
1026 2223 1182 2310 duobus
1201 2217 1286 2308 fere
1305 2221 1430 2305 stadiis
1450 2218 1499 2302 nb
1520 2221 1625 2305 urbe
1644 2219 1776 2313 snum.
1853 2224 1983 2310 Exeo
2155 2254 2156 2290 r

725 2355 999 2468 consequitur,
1032 2349 1279 2439 comminisci
1296 2375 1384 2435 curn
1398 2350 1469 2432 iter
1493 2354 1567 2457 p'er
1588 2349 1758 2436 Persium
1773 2350 1987 2464 indiaeque
2156 2374 2157 2388 ¹

725 2493 896 2600 aliquam
917 2501 1089 2593 partem.
1115 2471 1232 2564 Nam
1251 2483 1288 2562 in
1307 2479 1432 2564 reditu
1457 2501 1617 2590 quoque
1639 2479 1742 2570 seuit
1756 2481 1912 2576 ducrum
1929 2482 1984 2567 ab
2157 2499 2158 2502 ‘

726 2617 803 2706 illis
826 2611 985 2700 castellis
1009 2605 1141 2696 uersus
1165 2605 1439 2694 Chorusnnum
1466 2610 1505 2690 in
1534 2604 1864 2696 Samurcnudiam.
1927 2613 1985 2699 Et
2158 2614 2159 2622 '

725 2773 817 2835 curn
835 2743 883 2832 ad
901 2735 1111 2826 Gihonem
1126 2733 1188 2822 seu
1206 2735 1524 2838 Ornanthum,in
1537 2741 1703 2853 regione
1718 2733 1847 2842 lirina
1864 2734 1988 2826 Schr·

728 2879 914 2988 briegico
948 2895 1048 2977 agro
1075 2866 1198 2978 usque
1224 2868 1274 2950 ad
1303 2872 1450 2952 exitum
1475 2867 1591 2954 vallis
1615 2866 1849 2973 Alschnsch,
1866 2873 1986 2954 ctiam

717 3007 829 3092 ¹muri
847 3003 1030 3112 uestigia,
1062 3000 1158 3082 teste
1177 2991 1405 3100 Abulfedu‚
1438 3001 1707 3106 reperiuntur,
1734 2999 1821 3083 linc
1841 2996 1980 3086 illeA·

728 3135 890 3221 salemus
904 3127 1063 3212 fabulae
1079 3125 1202 3210 totius
1221 3148 1452 3236 apparatum
1473 3125 1623 3235 petiisse
1639 3131 1808 3222 videtur,
1874 3127 1981 3243 Agi-

723 3285 902 3372 teergo,
917 3254 1164 3368 inspiciamus
1182 3281 1276 3340 curn
1288 3253 1499 3342 Alsalemo
1517 3283 1693 3349 nnrrum.
1759 3259 1985 3348 nronscon.

683 3476 686 3486 .
728 3391 888 3482 sudebnt‘
906 3387 1105 3472 invallem
1122 3407 1282 3470 centurn
1302 3381 1571 3496 quinquaginta
1588 3385 1790 3473 Sauadicis
1812 3388 1876 3476 seu
1896 3393 1985 3478 Era·

654 3621 658 3632 .
730 3519 915 3610 'censibus
932 3515 1052 3602 latam
1071 3513 1221 3599 cubitis.
1285 3511 1402 3601 Isthic
1418 3533 1539 3624 porta
1556 3539 1640 3602 erat
1660 3517 1986 3631 ferreu,quinqur-

733 3655 847 3766 ginta
862 3647 1019 3729 cubitos
1040 3645 1145 3745 altu,
1168 3641 1316 3728 duabus
1333 3645 1545 3753 perastntis
1562 3649 1711 3732 munita
1730 3709 1743 3750 ‚
1773 3675 1931 3760 quarum
1947 3676 1988 3732 v-

727 3785 958 3888 nuqnnequ'e
978 3776 1051 3858 lata
1071 3795 1155 3858 emt
1169 3772 1318 3861 XXV.
1331 3775 1508 3878 cubitos,
1520 3796 1706 3885 extraque
1723 3798 1882 3887 portum
1892 3803 1984 3888 pro.

731 3907 931 4007 mineum,
957 3901 1126 3988 craffitic
1144 3905 1284 3986 decem
1301 3903 1541 3989 cubitorum.
1608 3903 1724 3991 Tota
1750 3925 1867 4016 porta
1895 3932 1993 3992 con·

614 4080 621 4104 ·
699 4039 970 4130 ,structaerat
981 4033 1165 4118 luteribus
1185 4026 1324 4114 ferreis
1339 4037 1429 4116 n'ere
1443 4033 1618 4127 induciis,
1686 4028 1988 4122 Pnrrstataenu.

546 4160 554 4177 '
729 4175 820 4252 'tem
843 4164 1116 4274 quinquaginta
1137 4161 1288 4247 cubitos
1303 4163 1418 4264 altre,
1438 4185 1589 4249 tectum
1613 4165 1843 4274 impolitum
1867 4165 1988 4250 habe-

737 4295 834 4377 bant
853 4311 1010 4374 centnm
1029 4313 1070 4372 et
1084 4293 1222 4402 uiginti
1241 4291 1478 4378 cubitorum.
1543 4291 1673 4406 Super
1700 4299 1810 4412 cesto
1837 4297 1989 4382 emine-

500 4435 506 4442 '
737 4425 810 4514 bnt
827 4419 929 4506 aiiud
951 4417 1178 4507 aedificium
1192 4423 1380 4534 usquead
1398 4446 1590 4512 cacumen
1606 4428 1762 4512 montis
1789 4479 1804 4534 ,
1834 4427 1940 4510 cuius
1956 4427 1997 4508 iu

1835 4551 1996 4642 summo
