4312 5954
370 473 597 632 ‚moro
631 467 944 590 martir,
977 475 1165 572 sacr.
1196 485 1235 572 r.
1377 506 1443 604 79

177 743 229 804 eo
248 717 382 832 itaque
406 717 595 830 sequium,
617 715 840 826 ficorpora
859 709 908 797 A
930 715 1006 797 &a
1020 711 1193 797 habeant
1212 715 1353 801 mattas
1372 719 1437 804 in.

175 853 367 959 equales,
394 853 437 935 ὅ(
455 850 678 935 celeritates
692 871 854 956 quoque
868 843 1108 950 inaequales,
1135 845 1246 952 quod
1265 847 1371 931 vires
1398 851 1443 932 in

178 971 256 1062 illis
286 976 483 1064 motrices
505 979 577 1062 fint
599 979 641 1060 in
658 977 817 1063 ratione
836 973 1061 1084 composita
1077 998 1134 1056 ex
1150 971 1316 1060 dirediis
1328 1001 1435 1064 mas-

174 1105 361 1194 sarum&
380 1106 641 1194 celeritatum.
1311 1136 1315 1148 ·
1562 1097 1563 1100 Ὺ

281 1235 362 1342 tv,
426 1235 632 1348 Equidem
654 1235 739 1322 laec
757 1235 861 1321 adeo
879 1233 1079 1324 euidentia
1100 1229 1182 1319 visa
1194 1231 1441 1345 suntmultie,

175 1383 217 1452 ut
236 1366 302 1450 uel
327 1365 541 1452 axiomatis
557 1369 622 1452 uel
645 1365 862 1476 dqinitionis
877 1367 977 1450 loco
997 1365 1100 1450 hanc
1118 1367 1441 1476 propofitionem

119 1517 139 1565 λ
176 1493 440 1588 adhibuerint.
507 1491 749 1608 Allcgtrem
766 1497 1148 1598 nominarirorum,
1169 1493 1242 1578 nist
1265 1522 1326 1581 reo
1342 1517 1443 1582 nota

175 1620 281 1710 esset.
345 1617 447 1708 Puto
464 1644 607 1736 amem,
622 1625 748 1735 ipsam
757 1626 859 1712 banc
881 1626 1089 1710 evidentior
1109 1623 1308 1730 speciem,
1343 1649 1443 1708 con-

129 1745 353 1840 iunctam
381 1779 472 1842 etun
498 1757 789 1868 experimentis
821 1753 1061 1864 quibusdam
1091 1751 1224 1832 eidem
1269 1775 1435 1836 accom-

171 1882 338 1988 modis,
363 1886 404 1970 in
424 1886 552 1970 caussa
570 1883 683 1970 fitill'e
712 1935 725 1984 ,
761 1899 804 1966 ut
824 1900 909 1966 tam
923 1877 1011 1964 sero
1038 1934 1049 1983 ,
1076 1881 1118 1964 dc
1138 1905 1161 1962 a
1178 1881 1315 1987 paucis
1335 1878 1434 1962 huc-

168 2035 297 2122 usque
316 2012 453 2122 agnita
467 2013 515 2098 lit
529 2010 683 2096 fallacia
700 2009 794 2094 huic
809 1987 1024 2096 radobinio
1045 2012 1273 2097 irrenexta.
1317 2007 1433 2094 Con·-

165 2138 378 2226 suerimus
398 2193 414 2241 ‚
442 2162 527 2222 non
552 2139 744 2248 infignem
759 2139 972 2224 axiomatis
991 2138 1248 2222 attentionem
1268 2136 1436 2223 adbibe-

170 2293 246 2354 re:
273 2269 406 2378 itaque
424 2267 515 2352 sieri
529 2261 662 2376 potest
692 2317 703 2371 ,
755 2289 798 2352 ut
819 2265 1000 2353 fallamur
1020 2264 1244 2351 blandiente
1260 2269 1442 2352 veritatis

168 2396 309 2508 specie
333 2425 346 2501 ;
372 2397 577 2500 manime,
612 2396 889 2508 liopinionem
907 2395 1085 2516 nostram
1104 2397 1287 2481 videatur
1304 2421 1432 2505 expe
1512 2443 1515 2451 ,

173 2525 609 2618 rientia'confirmnre.
661 2521 808 2638 Atqui
827 2543 981 2611 certum
1000 2525 1159 2630 esl,.·in
1171 2525 1287 2612 redte
1305 2530 1431 2636 &po-

174 2655 310 2740 tentiis
336 2655 386 2741 ad
411 2658 570 2766 restem
603 2657 742 2741 reduci
779 2655 908 2742 solitis
942 2654 1214 2764 equilibrium
1247 2653 1443 2760 obtineri,

159 2781 340 2895 'quando
353 2782 501 2870 smum
520 2809 574 2868 ex
592 2787 775 2894 pondere
790 2787 857 2870 rel
883 2780 1027 2895 (polita
1055 2786 1248 2898 gravitate
1278 2804 1434 2868 natura·

176 2910 226 3024 li)
245 2923 299 2998 ex
315 2911 438 3002 maffa
448 2915 645 3022 corporis
662 2918 701 3002 in
719 2915 887 3025 spatium
909 2911 974 2996 uel
997 2916 1242 2999 celeritatem
1260 2913 1440 3024 utrinque

177 3043 236 3128 est
257 3043 422 3152 aequale.
485 3041 698 3132 Habemus
712 3045 833 3157 igitur
860 3044 1153 3151 experientiam
1170 3029 1439 3154 propositioni

174 3170 489 3254 consentientem
509 3199 519 3255 :
542 3169 736 3258 habemns
754 3175 794 3256 in
805 3174 870 3258 illa
881 3171 1040 3256 sontem
1056 3195 1217 3283 quoque
1235 3167 1442 3258 illiusCar-

174 3299 313 3386 tefiani
339 3296 578 3404 axiomatis,
606 3327 686 3410 quo
707 3301 897 3403 asseruit,
920 3299 1088 3384 eandem
1101 3303 1251 3410 requiri
1276 3300 1359 3383 rim
1386 3297 1438 3382 ad
1617 3347 1621 3354 ·

103 3510 107 3516 ,
177 3425 423 3514 elevandum
438 3449 591 3538 corpus
610 3430 774 3541 dnpbun
792 3430 843 3512 ad
859 3427 1101 3512 altimdinem
1116 3429 1304 3535 simplam
1328 3480 1344 3528 ,
1373 3425 1443 3510 vel

1 3617 2 3620 i
177 3557 373 3666 simplum
391 3555 443 3640 ad
478 3556 658 3667 duplam.
742 3556 939 3667 Equidem
951 3553 1084 3642 hocin
1103 3553 1282 3662 liuticis,
1305 3580 1433 3666 *quan-

179 3686 235 3770 do
252 3687 368 3770 rede
382 3705 449 3768 out
464 3685 658 3770 fimilibus
675 3685 825 3796 tuimur
845 3683 1062 3788 machinis,
1095 3687 1340 3770 reriffmnn
1362 3685 1438 3777 est.

288 3813 353 3904 V.
417 3807 581 3924 Duplici
597 3835 734 3900 tamen
747 3813 920 3900 methodo
937 3814 1088 3926 inquiri
1107 3814 1247 3900 ineius
1274 3836 1431 3923 propo.
1468 3800 1471 3806 ’

182 3941 327 4028 litionis
350 3941 721 4048 universalitatem,
746 3963 859 4055 atque
882 3943 988 4026 adeo
1011 3923 1152 4053 detegi
1169 3939 1355 4052 potuisset
1374 3941 1433 4026 la-

184 4091 269 4170 tens
305 4072 345 4154 in
364 4075 644 4182 enuntiatione
669 4073 841 4158 nimium
867 4071 1203 4181 generationum
1230 4100 1244 4175 ·,
1265 4072 1390 4156 altera
1415 4097 1439 4155 ι
1484 4147 1491 4160 .

186 4199 415 4310 posteriori,
445 4228 468 4286 a
487 4206 615 4312 priori
632 4203 773 4294 altera.
835 4199 1007 4307 Nescio,
1029 4227 1152 4311 quam
1186 4202 1322 4308 primo
1339 4199 1456 4284 loco·

185 4325 295 4412 riom
312 4331 498 4433 ingressus
514 4333 558 4418 fit
574 4330 789 4416 Leibritius
820 4386 833 4436 ,
868 4331 1043 4415 calcavit
1065 4313 1279 4440 utramque
1299 4359 1316 4433 ·‚
1341 4331 1383 4416 dt
1400 4332 1440 4414 in

185 4455 352 4564 publicis
369 4459 534 4566 quidem
549 4457 700 4570 scriptis
714 4461 778 4546 illa
797 4489 820 4548 a
838 4449 1057 4568 posteriori
1073 4459 1249 4565 primum
1264 4453 1351 4542 usus
1369 4459 1439 4542 est.

184 4577 372 4674 Ostendit
401 4611 455 4674 ex
480 4590 559 4678 boc
583 4590 786 4705 principio
809 4591 976 4678 amrium
995 4586 1230 4702 generrliter
1252 4585 1441 4672 adhibito

1312 4709 1439 4822 sequi,

1370 5082 1385 5194 l
