4306 5952
587 657 591 664 ,
671 447 763 662 us
969 439 1692 621 or-rnrucnarronrsra

663 751 1064 880 ardeat-yffi,
1081 775 1316 872 utpotequae
1335 752 1377 838 in
1393 756 1536 866 quouis
1562 751 1643 840 alio
1668 751 1758 844 cast
1773 747 1931 871 semper

662 891 1025 982 admittit'curvam
1043 889 1218 1002 aliquam
1235 883 1529 996 algebraicam‚
1553 885 1725 974 modoa
1744 887 1792 974 fit
1809 891 1931 974 ntio.

663 1026 792 1132 ualis3
826 1042 892 1108 aut
912 1021 942 1108 fi
959 1043 1082 1106 anon
1100 1013 1403 1121 estredensis,
1425 1013 1501 1100 erit
1526 1012 1690 1125 quidem
1707 1039 1834 1106 curua
1853 1041 1926 1104 ex-

662 1152 918 1267 ponentialis,
932 1147 997 1236 sed
1009 1167 1283 1259 exponentem
1303 1143 1406 1230 nulla
1427 1145 1620 1254 quantitas
1641 1144 1843 1231 variabilis
1859 1145 1925 1262 (fi-

665 1285 747 1368 cuti
764 1277 1043 1394 incasuazt)
1057 1279 1299 1388 ingreditur,
1325 1273 1556 1362 cuusmodi
1577 1295 1706 1362 curvae
1729 1274 1811 1362 dici
1824 1301 1925 1389 pos-

663 1410 752 1502 sunt
769 1410 1004 1520 algebraicis
1025 1408 1246 1520 proximae,

783 1535 1040 1632 VIII.Paulo
1055 1535 1177 1626 susror
1195 1534 1248 1622 fui
1270 1560 1386 1650 pram
1400 1531 1532 1625 forsan
1553 1536 1705 1624 oecelse
1720 1535 1930 1630 videbatur

555 1781 558 1788 .
666 1667 956 1762 indiscuffione
976 1663 1092 1754 huius
1106 1666 1285 1778 exempli
1307 1721 1320 1772 ‚
1346 1665 1564 1778 quodcum
1583 1667 1683 1753 olim
1701 1665 1865 1752 Lutetiae
1883 1695 1924 1754 a.

669 1825 822 1916 gerem,
832 1797 1001 1882 miluum
1021 1796 1249 1910 agitabatur
1269 1795 1374 1881 inter
1395 1788 1637 1882 Geometras
1654 1796 1741 1883 eius
1766 1795 1863 1904 loci,
1879 1823 1930 1886 ex

666 1929 883 2018 occasione
901 1926 1170 2038 problematis
1183 1923 1422 2033 Bononiam,
1451 1924 1548 2010 mihi
1564 1943 1657 2010 tunc
1672 1949 1930 2042 quoquectun

668 2061 749 2148 aliis
776 2057 828 2156 ab
858 2051 1087 2168 Hospitalio
1110 2055 1364 2172 propolitum
1395 2075 1512 2166 atque
1541 2053 1709 2146 feliciter
1741 2055 1928 2165 solutum,

668 2190 882 2302 postquam
899 2212 922 2270 a
942 2178 1179 2274 Geomtttis
1192 2183 1399 2273 inlolutum
1416 2185 1466 2269 ad
1483 2209 1552 2268 me
1569 2187 1828 2296 pervenisset:
1845 2182 1934 2280 Fu·

667 2321 746 2406 fior
767 2318 883 2429 igine
901 2315 943 2398 in
963 2314 1042 2400 hoc
1061 2311 1117 2401 sui
1137 2367 1151 2419 ,
1176 2333 1220 2400 ut
1231 2313 1347 2400 fieret
1358 2313 1632 2423 manifestum,
1651 2341 1728 2427 qua
1749 2317 1949 2406 dexteris·

522 2495 528 2526 .
670 2467 756 2533 tate
783 2445 926 2531 evitari
948 2444 1067 2557 pollrt
1092 2447 1232 2558 ingens
1251 2444 1457 2556 aliquando
1483 2444 1703 2551 calculus,in
1725 2471 1845 2558 quem
1862 2451 1927 2535 in-

668 2579 938 2676 calcaremus,
962 2575 1009 2665 ¹st
1030 2577 1187 2682 tegulas
1208 2577 1423 2683 generales,
1431 2593 1552 2686 prout
1579 2577 1712 2686 primo
1733 2577 1872 2663 intuitu
1892 2577 1935 2666 se
1982 2645 1984 2650 ,

525 2804 531 2816 s
670 2703 866 2814 offerunt,
884 2703 962 2790 stne
982 2705 1060 2792 ulla
1077 2701 1432 2816 circumspectione
1457 2704 1562 2816 sequi
1581 2705 1790 2794 vellemus:
1814 2703 1929 2794 Prae·

639 2865 643 2870 ’
668 2854 848 2950 terqoam
866 2833 978 2946 quod
994 2833 1194 2921 multoties
1210 2829 1386 2944 accidat,
1416 2856 1458 2920 ut
1467 2835 1672 2922 credamus
1692 2861 1832 2921 erutas
1847 2861 1947 2949 quac·

669 2965 873 3079 prodeunt
908 2988 983 3075 pet
1009 2964 1210 3051 incautam
1246 2967 1474 3074 regularum
1507 2966 1823 3078 applicationem
1854 2965 1934 3053 elle

670 3092 1023 3199 transcendentes,
1055 3094 1212 3182 nonnis
1224 3121 1300 3206 per
1317 3097 1574 3208 quadraturas
1594 3117 1657 3180 aut
1675 3097 1929 3185 rectificatio-

670 3251 740 3312 nes
757 3223 1046 3328 consttuibiles,
1069 3249 1157 3336 quae
1172 3245 1305 3311 tamen
1321 3226 1351 3313 fi
1367 3230 1444 3313 rite
1463 3227 1677 3312 tradentur
1689 3219 1934 3318 evadunt'al-

672 3356 874 3468 gebraicae
907 3373 971 3440 aut
994 3353 1131 3442 saltem
1161 3357 1490 3466 exponentlales‚
1519 3355 1604 3439 hoc
1622 3353 1709 3462 esti
1732 3359 1829 3474 tales
1846 3385 1935 3472 quae

670 3485 762 3570 liunt
780 3485 902 3570 finitae
922 3486 963 3570 ἀ
980 3508 1061 3568 non
1073 3485 1185 3569 aliter
1203 3481 1520 3571 transcendentes
1546 3509 1663 3594 quam
1681 3509 1735 3570 ex
1753 3483 1832 3574 sola
1854 3514 1927 3575 ex-

487 3651 496 3664 ·
668 3613 905 3726 ponentiun
924 3613 1244 3708 irrationalitate,
1306 3611 1410 3730 Quis
1427 3615 1534 3702 enin
1549 3615 1684 3727 prima
1699 3613 1831 3704 sonte
1849 3643 1932 3704 non

646 3761 892 3866 crederet,
941 3759 1205 3869 aquationem
1241 3759 1355 3874 supra
1394 3755 1433 3870 ᾗ,
1481 3784 1516 3884 5.
1556 3757 1783 3876 expressam
1802 3726 1932 3893 3¹22}-
1969 3861 1974 3872 1

669 3869 1035 4034 ἐ-’Ξῆζῖἐῑ-ἵο,
1066 3911 1302 4035 quaeritur
1319 3938 1371 3998 ex
1386 3913 1657 4028 suppositione
1671 3887 1826 4028 etz-ay,
1859 3917 1928 4002 de-

488 4146 493 4164 .
673 4049 823 4132 ducere
847 4047 898 4134 td
925 4073 1090 4136 curvam
1115 4054 1458 4146 transcendentem
1482 4051 1500 4142 3
1533 4057 1600 4144 nili
1624 4081 1714 4150 ante
1732 4067 1873 4154 omnia
1892 4065 1935 4160 id
2055 4115 2058 4121 v

629 4237 632 4244 ,
673 4193 806 4280 curet,
838 4198 882 4262 ut
901 4174 1047 4266 sublata
1067 4181 1361 4274 irrationalitate
1387 4185 1572 4306 γρῦ-Η)
1595 4213 1671 4298 pet
1700 4195 1935 4289 methodum

671 4303 979 4416 Diophanteam
994 4301 1426 4418 acquiratlrattionem
1438 4318 1696 4428 rationalem,
1719 4350 1843 4436 quam
1862 4327 1937 4412 d'e·

671 4436 769 4524 inde
793 4459 868 4547 per
891 4437 1068 4522 nostram
1096 4441 1336 4534 methodrnn
1361 4449 1403 4534 in
1426 4440 1464 4550 l,
1493 4443 1536 4532 6.
1553 4451 1737 4540 traditam
1755 4456 1797 4540 in
1815 4455 1929 4544 diffe-

670 4565 853 4662 rentialis
871 4564 1157 4686 logarithmica
1168 4573 1369 4670 resoluat:
1398 4577 1517 4668 sed&
1535 4577 1601 4668 hie
1612 4583 1929 4702 proceffusope·

1855 4713 1934 4808 rust
