4386 5980
718 497 826 636 454⁴
867 551 870 558 .
1203 483 1309 592 DE
1340 481 1536 592 ΜΗΘ

526 717 530 726 ’
613 705 618 714 ’
725 699 860 812 sensit,
871 687 1025 792 rediise
1041 685 1420 826 adTanaimsuum.
1454 700 1583 818 Apud
1600 695 1860 794 Plutarchum
1875 674 1978 794 mul-

725 852 767 918 ta
786 837 966 940 exstant,
994 841 1050 922 e‘x
1065 836 1204 948 quibus
1217 840 1316 924 haec
1330 823 1514 924 vanitatis
1531 857 1813 984 coarguuntur
1878 832 1984 975 Quis

728 967 836 1046 enim
855 967 1017 1078 grauior
1032 967 1091 1052 est
1110 969 1244 1053 audior
1265 961 1510 1050 Alexandro
1523 957 1656 1076 ipsos
1661 967 1809 1051 ecuius
1824 948 1982 1050 accuri-

725 1091 877 1178 liffimis
898 1093 948 1178 ad
968 1091 1233 1204 Antipatrum
1250 1093 1530 1186 mandatishoc
1548 1119 1672 1181 vnum
1693 1095 1898 1204 proditum
1909 1089 1979 1192 est,

718 1219 965 1340 Scytharum
981 1247 1116 1335 regem
1132 1226 1284 1334 nuptias
1302 1223 1411 1308 filiae
1428 1221 1625 1308 obtulisse.
1686 1225 1846 1309 Etcum
1861 1216 1976 1307 One·

589 1393 592 1400 Α
728 1349 878 1438 ficritus
900 1349 1000 1436 haec
1026 1353 1078 1436 de
1095 1349 1380 1470 Amazonibus
1418 1341 1615 1438 historiae
1642 1349 1732 1436 suae
1753 1327 1980 1451 inseruisset,

730 1474 992 1587 Lysimachus
1017 1502 1111 1584 rex,
1140 1483 1209 1591 qui
1228 1481 1496 1591 expeditionis
1518 1481 1567 1566 ad
1591 1477 1894 1590 Paropamisum
1913 1499 1980 1560 co·

718 1603 991 1720 messuerat,
1022 1609 1261 1694 recitantem
1287 1607 1567 1708 Onefitritum·
1590 1609 1853 1697 memorabili
1871 1607 1980 1696 aleo

727 1735 930 1846 repressat,
956 1736 1080 1854 gera
1093 1734 1191 1822 τότε
1206 1721 1318 1850 ἢμην
1337 1732 1451 1850 ἐγώ·
1441 1799 1453 1842 ,
1478 1740 1606 1848 atqui,
1632 1737 1709 1842 ubi,
1729 1736 1887 1839 malum,
1902 1755 1981 1867 ega,
2096 1831 2106 1850 ὃ

728 1891 810 1950 cum
829 1861 900 1949 boc
915 1866 1112 1952 accideret
1128 1929 1140 1972 ,
1153 1860 1252 1978 fuiz
1283 1866 1349 1954 Vt
1372 1887 1503 1952 autem
1522 1867 1587 1952 ille
1605 1865 1658 1950 de
1672 1863 1855 1954 Caucaso
1870 1863 1981 1948 error

730 1977 1004 2081 Macedonum
1024 1995 1167 2082 animis
1184 1993 1222 2079 se
1240 1994 1464 2101 insinuaret,
1486 2021 1632 2108 magna
1646 1997 1885 2106 regionuum
1898 1995 1977 2076 im-

729 2123 882 2234 peritia
897 2123 1045 2209 effecit.
1109 2121 1226 2249 Nam
1254 2116 1399 2208 Graeci
1432 2122 1525 2234 post
1550 2123 1832 2224 Herodotum,
1870 2143 1914 2206 ιι
1931 2144 1983 2206 ex

727 2239 1213 2366 Argonauticismardme
1241 2251 1494 2362 scriptoribus
1516 2275 1559 2338 et
1577 2251 1783 2359 Dionysio
1799 2244 1982 2364 Perlege·

615 2427 620 2436 ·
731 2397 776 2463 te
791 2401 834 2464 et
850 2381 1029 2470 &stathii
1051 2371 1538 2490 parecbolisDionysranis
1555 2383 1697 2490 liquido
1711 2383 1980 2487 intelligimus,

730 2503 881 2593 Afiam
899 2507 967 2594 sub
985 2507 1267 2618 septemtrione
1285 2535 1454 2596 omnem
1482 2508 1709 2598 arstioribus
1732 2505 1855 2616 spatiis
1874 2533 1976 2592 con-

724 2633 965 2741 trahebant,
998 2657 1043 2722 ιι
1073 2633 1255 2722 Pontum
1277 2639 1480 2725 Euxinum
1507 2641 1695 2751 proxime
1711 2637 1763 2721 ad
1787 2635 1981 2748 Caspium

729 2785 844 2850 mare
866 2786 907 2850 et
927 2766 1127 2878 aliquanto
1142 2767 1413 2852 borealiorem
1423 2789 1639 2881 ponerent,
1662 2767 1819 2853 Maeoti
1838 2767 1980 2878 palude

711 2883 961 3006 ..Caspioque
976 2897 1077 2982 mari
1095 2897 1210 2982 alueo
1227 2895 1402 3006 quodam
1421 2899 1627 2982 communi
1640 2897 1868 2982 coniunsiis.
1903 2895 1980 2979 'Ita

730 3020 902 3108 Tanaim
921 3022 973 3107 ab
994 3021 1148 3109 oriente
1168 3026 1381 3132 ducebant,
1391 3048 1433 3112 et
1458 3023 1680 3114 Caucasum
1698 3043 1891 3110 montem
1910 3023 1976 3108 sub

726 3147 858 3236 Tanai
878 3151 1133 3260 porrigebant
1154 3154 1347 3268 usquead
1369 3177 1591 3241 extremum
1609 3157 1825 3245 orientem,
1867 3151 1974 3239 Tur·

720 3279 831 3364 'bato
859 3281 981 3364 totius
1019 3281 1131 3364 orbis
1167 3283 1263 3386 satu,
1301 3271 1563 3370 Chorasmios
1588 3306 1720 3392 prope
1738 3270 1920 3369 Colchos
1938 3301 1977 3368 et

723 3404 904 3518 Scythas
922 3409 1132 3518 ponebant
1145 3433 1188 3497 et
1202 3409 1540 3498 Pharaesmenem
1556 3409 1891 3498 Chorasmiorum
1909 3439 1971 3497 re.

462 3516 466 3524 ’
519 3627 522 3636 ,
638 3577 641 3586 ι
731 3563 845 3652 gem,
890 3559 932 3624 ιι
951 3539 1006 3622 est
1028 3539 1134 3648 apud
1150 3537 1657 3642 Arrianumsnarrabant,
1692 3541 1742 3625 ad
1771 3539 1975 3628 Ponticam

721 3685 772 3752 et
788 3663 1021 3772 Scythicam
1042 3667 1346 3778 expeditionem
1375 3668 1414 3752 se
1434 3667 1683 3755 Alexandro
1701 3667 1884 3754 obtulisse
1901 3659 1971 3755 du·-

727 3795 973 3896 Jcem,ueluti
987 3799 1157 3899 uiarum,
1173 3799 1232 3881 ob
1253 3819 1401 3884 tantam
1420 3801 1595 3904 regionis
1608 3800 1862 3900 uicinitatem,
1875 3820 1972 3904 gna-

696 3983 698 3990 1
727 3947 830 4008 rum.
894 3921 1063 4040 Nempe
1081 3921 1292 4032 Diodorus
1311 3921 1375 4040 (7)
1402 3931 1442 4012 in
1473 3925 1748 4038 descriptione
1770 3914 1977 4030 'Adaead

727 4052 926 4136 orientem
945 4072 987 4137 et
1008 4009 1333 4162 septemtrionem
1344 4059 1592 4162 prouinciam
1608 4052 1788 4143 recenset
1801 4055 1977 4140 ultimam

724 4173 978 4350 Sogdianam
992 4203 1031 4268 et
1051 4179 1320 4291 Bactrianam,
1329 4184 1431 4278 baud
1449 4187 1573 4298 longe
1587 4211 1610 4270 a
1626 4183 1758 4271 Tanai
1775 4204 1816 4268 et
1827 4183 1977 4270 Indiam

1866 4299 1972 4416 Cau:

726 4509 732 4526 '
830 4509 1245 4722 ulmus
