4386 5980
602 499 606 508 .
689 437 1028 542 catenato.
1392 473 1487 576 431

229 637 352 736 inritis
369 643 888 766 militibusiterpateat.lam
907 647 959 734 ab
976 647 1492 764 hoc-murovsqueadutm
1643 631 1649 644 ⁸

230 771 409 880 fluuium,
424 777 474 863 ad
484 801 611 898 '’quem
636 775 885 866 Cantemirus
911 797 1306 892 certo-compererat
1330 805 1493 868 mutum

230 906 283 991 ab
303 909 460 991 oriente
477 909 696 1016 protendi,
729 933 813 993 non
835 929 1024 1013 magnum
1046 904 1212 1015 spatium
1234 911 1493 1020 intercipitur,

231 1035 376 1146 inquo
403 1027 467 1122 seu
484 1035 611 1120 deleta
634 1035 721 1122 sunt
743 1034 909 1146 uestigia
938 1037 1064 1144 muu’‚'
1086 1038 1152 1123 seu
1177 1061 1263 1124 non
1281 1042 1491 1151 explorata
1578 1063 1581 1072 ·

232 1169 510 1250 etmemori'ae
532 1161 712 1274 prodita.
855 1215 859 1226 ·

336 1289 445 1382 Non
461 1291 627 1398 dubito,
662 1293 810 1380 multos
825 1287 929 1400 sore,
949 1294 1017 1405 qti
1035 1299 1247 1398 mirentur,
1272 1318 1363 1384 cum
1380 1294 1487 1384 rela-

226 1438 313 1510 tum
337 1421 470 1531 legent
503 1424 555 1507 de
579 1443 665 1505 tam
690 1423 819 1506 nobili
852 1423 1052 1508 vetustatis
1077 1445 1380 1530 monumento,
1414 1451 1493 1534 pet
1552 1414 1559 1426 ’
1611 1527 1620 1543 ,

226 1547 404 1664 PETRI
419 1551 478 1636 M.
497 1551 796 1659 expeditionem
814 1547 865 1634 ab
888 1548 1096 1634 obliuione
1118 1550 1344 1634 vindicato:
1381 1552 1496 1662 alios,

229 1680 292 1787 qui
308 1675 403 1760 scire
419 1677 597 1786 cupiant,
624 1679 944 1788 quantumdeeo
959 1697 1052 1764 ante
1068 1679 1149 1764 hoc
1164 1699 1327 1787 tempus
1343 1685 1488 1792 cogni·

226 1827 311 1890 tum
331 1805 468 1917 suerit,
494 1807 708 1917 plerosque
733 1808 800 1918 qui
826 1826 1127 1916 conquerantur
1152 1807 1205 1889 de
1238 1808 1359 1890 totius
1382 1811 1488 1898 muri

226 1934 295 2020 satu
311 1935 513 2043 uastoque
532 1957 615 2020 non
630 1939 780 2045 penitus
798 1938 935 2019 omnia
954 1935 1092 2020 exacta
1115 1955 1156 2018 et
1178 1953 1393 2043 comperta
1422 1958 1482 2022 te·

224 2062 319 2147 neri.
384 2059 549 2179 Quibus
566 2087 655 2175 ego,
670 2057 858 2174 quantum
875 2065 915 2147 in
935 2089 1003 2149 me
1024 2065 1081 2148 est
1098 2057 1332 2170 utissaciam
1350 2067 1480 2176 expli.
1552 2073 1555 2078 “

89 2231 97 2248 ³
225 2189 407 2298 taboque
432 2215 534 2301 quae
547 2195 744 2278 memoria
757 2215 896 2279 teneo:
919 2215 1014 2276 nam
1026 2209 1127 2304 quae
1150 2190 1401 2301 exploranda
1420 2193 1487 2280 ad-

224 2320 299 2412 huc
317 2318 418 2424 sunt,
452 2345 500 2405 ea
524 2321 756 2429 posteritatis
782 2345 877 2407 cura
890 2321 1001 2406 esto.

334 2438 478 2534 Graeci
500 2448 589 2536 sero
608 2450 757 2564 aliquid
774 2454 823 2537 de
840 2445 1020 2537 Caucaso
1039 2467 1192 2555 monte,
1212 2445 1348 2565 (quem
1370 2443 1482 2561 Scy.

224 2575 314 2664 thar
331 2570 579 2685 Graecastm
599 2577 912 2680 aemulantur,
938 2579 1046 2688 quali
1065 2575 1205 2687 Alpes
1223 2585 1488 2691 quasdamrp·

222 2701 774 2819 pellatunt,(3)petPonticas
785 2704 968 2791 coloniae
976 2730 1226 2824 cognouere.
1238 2711 1343 2794 Eum
1354 2711 1487 2819 igintr,

225 2836 389 2946 quodin
406 2837 799 2948 regionelonginqua
814 2830 968 2952 (rtrum
987 2830 1089 2944 erat)
1110 2855 1228 2944 atque
1247 2836 1408 2922 idcirco
1431 2835 1486 2922 sa-

226 2963 326 3050 bulis
337 2984 430 3074 apta
449 2967 564 3051 satum
581 2963 873 3064 existimabant,
891 2960 1041 3051 duriori
1058 2959 1248 3072 supplicio
1258 2965 1486 3082 auleatum

224 3085 516 3182 Prometheum
549 3091 802 3200 credideram
819 3117 843 3174 e
859 3090 969 3176 Iouis
979 3090 1171 3178 mandato
1190 3087 1241 3176 ad
1265 3086 1484 3180 Caucasum

224 3223 442 3334 alligaretur
461 3287 474 3330 ,
504 3245 588 3334 quo
601 3219 956 3332 vtiqueliberatnm
975 3231 1069 3307 eum
1084 3220 1235 3306 veniret
1255 3245 1392 3330 nemo,
1410 3223 1485 3310 nili

222 3345 590 3461 Herculesaliquir.
656 3348 854 3440 Hesiodus
879 3341 1174 3436 Prometheum
1199 3352 1484 3438 tantummodo

224 3481 437 3564 columnae
455 3481 704 3590 alligauerat:
731 3497 775 3565 at
797 3474 1042 3584 Aeschylus,
1064 3478 1234 3586 primus,
1257 3477 1367 3587 quod
1394 3467 1499 3589 quiq

225 3608 320 3692 dem
340 3609 509 3711 conllat,
525 3605 715 3718 relegauit
733 3608 775 3692 in
790 3594 1016 3690 Caucasum
1028 3606 1156 3709 illum,
1186 3601 1485 3714 quiintetPon·
1569 3675 1575 3690 .

222 3753 309 3824 rum
332 3755 372 3822 et
394 3731 542 3846 Caspia
563 3735 705 3822 littora
732 3731 903 3846 assurgit
964 3729 1211 3843 Herodotus,¹
1229 3732 1337 3844 quod
1364 3729 1478 3822 Hali-

224 3863 386 3952 carnalla
402 3885 512 3952 natus
531 3885 575 3951 et
593 3867 632 3952 in
648 3859 756 3950 Ana
773 3865 945 3948 multum
963 3860 1129 3948 versatus
1145 3861 1239 3948 effer
1251 3864 1356 3948 inter
1366 3881 1483 3971 prae-

221 3993 350 4078 fectos
373 3996 529 4101 regios,
568 4009 702 4081 eamm
729 3992 1007 4078 conditionem
1026 4010 1245 4094 terrarum,
1294 4016 1394 4101 quae
1411 3989 1484 4078 sub

223 4102 348 4210 Persis
373 4121 697 4233 continebantur,
727 4121 902 4211 exactius
925 4145 1046 4236 quam·
1060 4120 1270 4234 quisquam
1290 4119 1385 4205 alius
1402 4145 1473 4203 co.

1171 4276 1177 4287 ’
1371 4272 1475 4364 gno·

348 4501 414 4624 (3)
471 4503 615 4600 runem
636 4503 930 4624 L.Vs.c.17.
1164 4513 1170 4526 ·
