4312 5954
510 465 524 484 ’
606 579 609 584 ,
696 511 784 606 rra
840 595 845 608 ¹
898 477 999 578 DF.
1061 473 1366 576 'VIRIBUS
1418 473 1747 581 contorta
1820 519 1833 536 ·
1906 508 1912 522 ·

684 719 779 836 poll
792 717 915 810 stum
932 739 1082 830 corma
1101 708 1150 801 A
1171 713 1333 802 moseri
1355 715 1397 802 iu
1424 713 1646 802 direerione
1670 716 1818 807 eadem
1844 713 1946 836 An,

691 853 889 939 celeritate
909 841 1146 949 AB.··:HC‚
1163 847 1206 933 δι
1225 867 1373 954 corpus
1392 841 1437 934 H
1460 841 1673 954 quiescere.
1756 851 1827 938 Ex
1866 853 1949 942 hoc

685 1003 789 1066 vero
807 975 1000 1090 sequitur,
1013 973 1269 1085 cirereiuas,
1286 998 1374 1083 quae
1391 972 1434 1056 iu
1451 972 1685 1083 corporeli
1706 996 1796 1064 ante
1822 981 1948 1070 icium
2001 963 2005 972 ⁵

685 1107 859 1210 fueruit,
886 1098 1198 1190 incontinua
1214 1099 1293 1188 effe
1315 1131 1332 1208 ·‚
1353 1103 1395 1186 ἀ
1421 1101 1463 1186 in
1488 1122 1669 1210 corpore
1691 1099 1763 1212 A,
1791 1108 1836 1194 in
1867 1137 1948 1220 quo
2033 1179 2039 1190 .

625 1340 629 1348 Ι
649 1341 653 1344 ,
686 1235 810 1324 uuila
829 1254 961 1338 eraut,
978 1230 1133 1345 genitas
1149 1231 1228 1320 elie
1239 1229 1409 1340 aquales
1423 1228 1625 1339 prioribus
1642 1263 1654 1321 z
1692 1229 1838 1341 five,fi
1856 1265 1944 1328 ma-

517 1477 520 1484 Δ
685 1365 761 1469 lis,
776 1365 861 1450 vim
881 1367 1019 1451 viram
1032 1387 1084 1448 ex
1102 1368 1284 1474 corpore
1298 1353 1949 1490 HtraafiiffeincorpusAQua-

688 1497 808 1598 riurr,
826 1491 913 1606 quid
933 1518 985 1578 eo
1005 1492 1047 1576 in
1064 1489 1153 1576 casu
1167 1485 1314 1580 sartura
1327 1485 1393 1594 lit,
1407 1512 1464 1574 ex
1483 1511 1566 1599 quo
1590 1489 1708 1578 liceat
1732 1490 1948 1610 melfiam

687 1647 826 1710 emere
852 1631 995 1712 irarum
1010 1611 1187 1706 uiriumi
1686 1705 1691 1712 ,

654 1779 657 1784 “
792 1749 889 1844 LII.
956 1747 1039 1862 iiic
1054 1751 1256 1840 sciendum
1283 1745 1370 1838 est:
1401 1771 1441 1848 1.
1471 1747 1676 1842 Natartun
1710 1777 1791 1868 pro
1820 1749 1951 1844 reteri

685 1880 753 1968 ita
776 1877 1059 1998 cousuetudine
1077 1881 1166 1966 utlaii
1180 1907 1301 1992 agere
1320 1892 1400 2006 per
1424 1877 1569 1992 saltum
1594 1938 1607 1990 ,
1634 1881 1718 1970 hoc
1744 1887 1830 1992 est,
1865 1911 1949 1973 noa

552 2051 556 2061 ·
686 2010 849 2096 transrre
863 2009 915 2094 ab
939 2013 1138 2097 extremis
1161 2009 1213 2096 ad
1233 2030 1418 2096 extrema
1430 2011 1512 2096 srue
1534 2011 1691 2098 uausrtu
1718 2039 1807 2132 per,
1824 2015 1949 2120 intet-

685 2138 823 2224 media
839 2142 988 2225 omnia
1058 2163 1106 2236 2.
1131 2137 1235 2230 Nou
1252 2139 1373 2256 igitur
1392 2163 1540 2250 corpus
1564 2141 1744 2230 naturale
1757 2144 1800 2227 in
1821 2147 1950 2256 quiete

687 2269 858 2381 posrtum
882 2269 1083 2379 acquirere
1098 2268 1260 2354 finitum
1275 2269 1444 2378 siquem
1458 2269 1669 2354 celeritatis
1688 2271 1875 2382 gradun,
1895 2279 1953 2362 ni.

598 2499 605 2514 ἢ
686 2397 716 2486 li
726 2413 803 2508 per
817 2396 1150 2504 accelerationem,
1161 2397 1334 2516 smrilem
1347 2399 1404 2484 illi
1414 2451 1428 2503 ,
1446 2420 1563 2510 quam
1581 2399 1843 2506 experiuntur
1850 2430 1948 2516 gra·

688 2525 796 2612 riaa
820 2523 951 2636 quiete
972 2523 1127 2638 lapsum
1145 2526 1365 2620 incoantia.
1435 2549 1473 2640 3.
1489 2521 1721 2614 convenire
1734 2527 1826 2616 hru'c
1845 2531 1951 2621 idere

519 2665 523 2672 ’
689 2673 875 2742 naturam
902 2658 1087 2770 corporis
1107 2653 1268 2768 eicqltct'‘;
1301 2653 1397 2741 dun
1420 2657 1704 2768 enim'corpus
1742 2655 1788 2748 H
1829 2661 1953 2749 linito

688 2785 908 2874 velocitatis
935 2787 1062 2902 gradu
1117 2781 1199 2874 HC
1226 2784 1423 2898 impingit·
1445 2783 1488 2870 in
1511 2809 1655 2898 corpus
1691 2782 1784 2891 A.
1835 2791 1954 2880 tendi

691 2917 890 3026 utriusque
909 2909 1854 3029 corporiselaterem,ncque'corpusAinprime
1866 2921 1946 3009 im-

691 3043 878 3158 pulsionis
902 3047 1058 3131 instanti
1084 3045 1182 3129 luco
1198 3043 1266 3131 suo
1286 3045 1490 3152 dimoveri
1511 3069 1601 3132 cum
1629 3047 1829 3134 celeritate
1845 3045 1949 3156 HC,

690 3170 760 3258 sed
770 3197 862 3258 cum
885 3174 950 3260 illa
971 3173 1084 3260 huius
1106 3174 1336 3262 velocitatis
1352 3197 1580 3298 partemue
1597 3169 1869 3286 nonimpendi
1896 3201 1949 3265 ur

664 3293 667 3300 ’
691 3300 743 3428 ad
761 3303 976 3408 tcnfiorem
997 3303 1174 3398 clateris.
1247 3326 1297 3426 4.
1331 3305 1423 3396 Nar
1447 3307 1580 3416 itaque
1607 3331 1684 3390 una
1706 3308 1837 3418 aliqua
1861 3305 1947 3394 ele-
1987 3293 2005 3414 ’-

688 3436 860 3520 mentari
889 3434 952 3520 vei
976 3433 1207 3546 instantque
1230 3433 1480 3546 perculsione
1503 3429 1686 3518 consumi
1728 3439 1946 3547 incorpo-

690 3559 792 3650 reH
808 3564 1074 3674 impingente,
1099 3567 1141 3650 &
1156 3570 1340 3674 generari
1359 3563 1399 3650 in
1417 3589 1595 3676 corpore
1612 3565 1783 3673 patiente
1797 3559 1846 3648 A
1864 3569 1953 3650 vim

692 3690 1077 3778 virammotricem:
1114 3687 1195 3777 Sed
1218 3716 1253 3806 5.
1272 3696 1414 3810 requiri
1423 3691 1667 3806 percuffiones
1680 3690 1953 3776 elementares

683 3814 896 3930 plumas,
919 3819 1097 3934 aquibus
1117 3819 1181 3908 illa
1198 3824 1386 3936 corporis
1401 3817 1449 3908 A
1468 3839 1586 3906 antea
1605 3815 1836 3929 quiescentis
1854 3814 1946 3900 suc.

689 3949 834 4034 ceffiva
853 3952 1096 4039 acceleratio
1114 3953 1320 4063 procedat
1385 3947 1433 4044 6.
1464 3946 1628 4056 Requiri
1644 3965 1792 4048 autem,
1806 3965 1953 4056 utper·

689 4077 813 4164 cuffio
832 4079 1073 4197 quaecunque
1094 4079 1166 4169 fiat
1180 4069 1402 4192 cumgratia
1417 4075 1625 4163 celeritatis
1638 4074 1794 4182 maiori,
1826 4097 1948 4182 quam

593 4193 603 4207 '⁴
689 4209 746 4293 ell
770 4207 851 4318 ipsa
887 4215 1075 4325 corporis
1106 4205 1155 4294 A
1182 4211 1263 4292 iam
1280 4203 1701 4416 incoataAtqanslatiu
1795 4197 1946 4312 Neque

336 4395 341 4404 ·
507 4373 516 4392 ·
747 4338 756 4418 i
849 4333 962 4429 ,o‘
1040 4343 1048 4359 '
1119 4334 1426 4418 cumceleritate
1537 4351 1656 4419 moto
1694 4327 1947 4416 alienorum

464 4364 550 4486 th.
586 4392 653 4466 m
690 4331 1125 4573 zglffiiatecmrgglgr
1143 4357 1948 4572 corpusHinsequensimpiimi,msrhoc

689 4616 833 4712 corpus
853 4587 900 4682 H
926 4612 1134 4684 moveatur
1150 4613 1248 4680 cum
1262 4590 1464 4680 celeritate
1479 4583 1741 4688 AS-l-SV.
1803 4585 1950 4810 Itzaqqt
