4386 5980
643 429 1023 602 ,contutans
1240 399 1242 454 ⁵
1358 503 1456 610 415
1601 412 1605 420 ’

197 653 294 754 dum
319 667 397 760 effe
422 664 617 756 rideantr.
682 661 867 756 Aristeas
888 666 957 756 ille
971 645 1266 778 Proconnesius
1293 665 1455 774 Norint
1562 722 1567 740 ·

160 801 163 812 ¹
192 787 438 884 θάλασσαν
455 814 584 884 rotat
606 794 805 905 Pontum,
818 866 824 875 .
837 793 1040 916 australem
1068 790 1228 906 Scythis
1246 796 1460 908 respicien·
1565 825 1573 841 Χ

193 925 320 1011 tibur:
346 946 389 1013 at
405 919 644 1014 Herodotus
657 922 860 1042 Bussuiur,
874 955 905 1036 a
924 919 1108 1012 Graecia.
1168 925 1219 1014 In
1236 920 1462 1014 Herodoto

195 1054 239 1138 id
259 1039 628 1168 quoquesummam
653 1057 828 1144 hominis
846 1060 1160 1166 'accurationem
1188 1057 1230 1143 dt
1247 1056 1375 1142 fidem
1400 1062 1459 1147 in-
1537 1065 1547 1077 “

195 1183 326 1292 dicat,
369 1189 481 1298 quod
517 1174 713 1298 Caspium
729 1209 859 1298 mate
883 1211 969 1274 uon
999 1207 1043 1272 nt
1071 1184 1255 1272 nostrum
1286 1187 1462 1275 nonnulli
1642 1228 1645 1236 ¹

193 1313 431 1426 quadratum
442 1371 456 1422 ,
490 1315 558 1401 sed
580 1317 689 1428 quod
704 1316 838 1429 paucis
857 1337 951 1402 ante
964 1316 1071 1402 annis
1091 1309 1382 1426 deprehensum
1401 1313 1458 1402 est

193 1435 440 1549 aRuthenis‚
466 1444 630 1557 longius
641 1449 873 1556 porrectum
893 1445 1050 1564 prodit,
1088 1467 1170 1553 pto
1192 1447 1382 1556 portione
1400 1445 1459 1532 la·
1601 1471 1621 1530 ,·

187 1571 386 1666 titudinis.
414 1569 492 1660 Ad
512 1569 768 1664 occidentem
783 1568 919 1682 Caspii
937 1573 1062 1658 maris
1079 1559 1304 1696 Caucasum
1326 1577 1456 1660 collo·

188 1717 278 1806 cat,
302 1700 351 1785 ad
367 1701 571 1790 orientem
589 1729 692 1790 uero
708 1698 945 1789 immensam
964 1699 1203 1812 planitiem,
1233 1702 1344 1790 cuius
1363 1729 1457 1815 pur-

189 1848 276 1918 tem
291 1853 375 1916 non
395 1833 609 1920 minimam
634 1830 1075 1944 manageaereneanr
1137 1823 1257 1918 Haec
1271 1827 1460 1944 planities
1643 1859 1650 1864 ·
1805 1919 1811 1932 ,

123 1987 129 2000 ·
191 1955 503 2048 celebratiffima
517 1963 575 2050 est
598 1959 885 2074 apudArabas
902 1951 1118 2074 Persasque
1141 1956 1356 2072 scriptores
1381 1987 1463 2048 no·

190 2089 303 2204 mine
322 2083 535 2204 Kapbgjulr
550 2111 591 2177 et
605 2089 773 2208 Dascht,
788 2089 895 2202 quod
903 2088 1099 2204 planitiem
1118 2085 1321 2197 significat
1364 2090 1454 2182 De·

84 2330 87 2339 ¹
189 2215 333 2302 scribit
383 2220 578 2332 deru'quc,
631 2221 714 2308 sine
755 2220 922 2306 nomine
970 2239 1137 2327 tamen,
1191 2239 1354 2306 montes
1408 2215 1459 2306 ad

187 2341 467 2452 remotiorem
504 2333 714 2437 orientem.
770 2349 931 2462 ¹Volgu
946 2349 1055 2466 enim
1092 2347 1144 2434 ad
1164 2353 1170 2373 ‘
1190 2349 1459 2456 occidentem,
1642 2341 1646 2349 ’

188 2475 326 2564 altiori
348 2478 442 2590 ripa
457 2479 691 2586 includitur,
732 2477 841 2591 unde
881 2503 929 2566 ea
961 2479 1081 2590 regio
1098 2475 1300 2586 Nagonra,
1337 2477 1460 2585 idest,
1580 2571 1585 2581 ,

188 2617 380 2692 montana
414 2607 538 2698 hodie
575 2611 737 2696 'dicium
826 2601 1099 2720 Nequaquam
1142 2604 1259 2692 isthic
1297 2626 1459 2692 montet
1525 2665 1530 2677 -
1646 2669 1649 2674 -

185 2731 277 2822 sunt
290 2725 320 2842 ,'
349 2735 419 2822 sed
436 2740 617 2849 planities
657 2737 789 2824 altiori
821 2759 913 2823 cum
930 2737 1039 2847 ripa.
1075 2728 1464 2856 ¹Adoninntrmatn·

188 2881 281 2950 tem
308 2866 449 2971 ingens
479 2869 538 2954 est
561 2867 761 2980 planities,
809 2866 1049 2979 quaeregio
1076 2861 1228 2948 idcirco
1248 2859 1460 2974 Lagania

171 2991 280 3080 ‘boc
298 2994 356 3081 eil
381 2998 603 3114 campestris
630 3017 814 3082 uocatur.
888 2983 992 3082 Sunt
1011 2994 1129 3108 igitur
1149 3013 1308 3080 montes
1330 2992 1388 3076 illi
1404 2990 1457 3081 ab

187 3115 423 3211 Herodoto
449 3127 690 3231 memorati,
740 3112 833 3211 nulli
852 3123 939 3230 alii,
967 3149 1086 3236 quam
1106 3125 1174 3238 qui
1190 3133 1294 3210 nunc
1312 3121 1439 3236 dicun

184 3268 257 3338 tur
274 3251 532 3366 Vergaturii,
547 3259 648 3347 olim
666 3253 835 3370 Riphaei
850 3251 957 3347 dui.

301 3371 516 3495 Postquam
542 3382 663 3492 haec,
699 3408 803 3496 quae
832 3383 937 3470 nulla
961 3381 1021 3468 uia
1059 3401 1317 3496 temporum
1355 3377 1461 3474 nulle

182 3503 387 3600 sommae·
428 3511 565 3599 iniuria
615 3513 854 3601 labefactare
891 3512 1047 3622 potuit,
1092 3513 1245 3620 maria,
1297 3513 1460 3602 flumina

183 3657 376 3744 montes,
408 3640 655 3754 planitiem,
693 3631 788 3730 sris
823 3645 864 3726 in
895 3637 1001 3728 socia
1030 3642 1262 3744 terminaui,
1304 3644 1366 3742 his
1383 3713 1386 3724 .
1403 3669 1461 3730 v·

185 3788 259 3856 tar
290 3771 527 3858 adiumentis
559 3773 607 3858 ad
655 3768 931 3860 describendas
977 3768 1055 3858 suis
1078 3771 1314 3885 regionibus
1353 3795 1456 3882 gen·

183 3913 271 3992 tea.
356 3893 572 3988 Timonax
608 3900 745 4014 primo
781 3899 844 4010 ,de
888 3897 1045 4012 Scythia
1088 3899 1197 3992 libro
1240 3893 1305 4021 (8)
1343 3905 1477 4012 quin·
1597 3955 1601 3964 ›

183 4025 384 4141 quaginta
420 4026 593 4116 diuersas
621 4027 859 4142 Scytharum
884 4046 1020 4144 gentes
1041 4027 1118 4118 esse
1136 4028 1281 4118 scribit.
1345 4017 1460 4120 Cum

185 4173 333 4244 autem
346 4156 546 4278 incertum
562 4161 637 4268 est,
664 4189 740 4274 qua
757 4165 881 4246 aetate'
895 4154 1109 4248 'limonax
1128 4159 1227 4245 haec
1244 4157 1464 4271 scripserit„
1556 4185 1559 4198 ’

183 4285 297 4376 fitne
315 4283 397 4375 hoc
414 4289 467 4374 de
482 4284 572 4378 lirae
586 4291 726 4380 aetatis
748 4289 911 4412 populis
923 4287 1246 4402 intelligendum,
1288 4317 1339 4376 an
1359 4289 1461 4380 ita!

324 4537 395 4666 (8)
455 4559 523 4664 ap.
541 4527 1279 4668 Schol.Apou0nttuholrru.1s'.a
1308 4414 1466 4662 33ξῦ
1522 4576 1530 4591 ’
