4298 5952
700 397 962 574 2725*
1203 447 1490 544 turn

704 683 769 772 sed
788 684 974 772 hedenus
994 685 1289 797 pretermissum
1309 737 1321 786 ‚
1365 686 1513 772 scilicet
1532 686 1583 774 de
1598 686 1882 802 chyliseromm
1909 715 1952 778 e.

470 774 662 902 Tam·
706 816 1101 933 gressuexintestiuo,
1121 819 1251 927 paucis
1267 819 1539 926 expediamus.
1566 819 1703 940 Quum
1719 819 1838 908 facies
1860 823 1958 910 inte

466 914 679 1063 prtamppl,
706 953 795 1039 stini
814 949 959 1061 duplex
974 947 1020 1036 fit
1044 1002 1055 1054 ,
1084 949 1258 1039 anterior
1277 949 1538 1058 &posterior
1561 955 1664 1036 acin
1690 977 1765 1036 uua
1787 955 1955 1040 totidem

462 1043 620 1186 ’ΨΜ
702 1081 992 1192 chyliserotum
1015 1077 1328 1164 tumificationes
1355 1080 1511 1165 exstent
1536 1134 1548 1182 ‚
1575 1107 1622 1166 ac
1641 1082 1680 1166 in
1700 1082 1851 1188 altera,
1876 1107 1958 1168 non

453 1174 620 1320 ΨΜ·
702 1211 909 1299 immerito
924 1212 1137 1322 quaeritut,
1172 1231 1270 1292 num
1289 1234 1418 1330 prope
1436 1209 1601 1294 intestini
1616 1210 1764 1318 finem,
1785 1211 1852 1296 ubi
1867 1235 1951 1297 me

441 1326 535 1386 sm
555 1299 654 1448 ΡΨ
701 1337 913 1428 senterium
927 1339 1096 1450 incipit,
1121 1339 1318 1448 utriusque
1336 1338 1467 1424 lateris
1481 1336 1676 1448 chyliseru
1695 1341 1737 1424 iu
1763 1365 1958 1428 commu·

452 1429 648 1580 “filesa
703 1497 798 1558 uem
815 1494 1003 1559 truncum
1018 1460 1256 1554 confluunt?
1301 1495 1386 1553 une
1407 1471 1612 1554 contrario
1633 1491 1804 1556 truncos
1820 1471 1951 1558 diuer-

458 1577 643 1676 p'opm·
701 1599 766 1688 sos
783 1601 1050 1691 &adistindtos
1080 1597 1310 1684 efforment.
1373 1593 1509 1689 Facile
1523 1596 1825 1709 error&lapsus
1844 1623 1957 1686 com-

700 1733 894 1844 mittitur,
916 1729 945 1815 st
964 1715 1285 1840 perfunctorie&
1309 1727 1388 1812 stne
1407 1755 1457 1813 ea
1476 1728 1853 1841 circumspectione,
1881 1757 1955 1842 qut

699 1864 914 1951 adhuncce
930 1857 1238 1972 disquisitionem
1256 1883 1358 1966 opus
1378 1859 1540 1962 est‚hoc
1559 1862 1766 1970 negotium
1788 1859 1954 1971 suscipi·

694 2009 772 2088 tur.
838 1993 940 2082 Ideo
957 1983 1099 2079 furtum
1117 1987 1172 2073 est
1188 2052 1201 2094 ,
1220 2004 1262 2072 ut
1276 1986 1353 2072 sine
1370 1989 1450 2076 ullo
1481 1985 1740 2080 fundamento
1763 2016 1786 2086 t
1807 1992 1953 2102 plerie

695 2149 773 2236 que
808 2125 926 2233 prior
962 2119 1141 2205 sententia
1173 2119 1360 2226 adoptata
1388 2127 1457 2204 aut
1488 2117 1646 2205 *slentio
1676 2121 1953 2231 pretermisi,
2077 2213 2083 2225 ,

412 2229 415 2234 ’
467 2231 572 2327 Tab·
600 2255 667 2322 tt.
694 2255 847 2341 nemini
885 2277 983 2337 tero
1024 2250 1147 2334 altera
1186 2301 1200 2352 ‚
1244 2272 1328 2357 quae
1375 2244 1458 2333 solt
1496 2273 1594 2334 tert
1635 2251 1694 2336 est
1736 2313 1750 2354 ‚
1792 2277 1953 2363 quaeque

464 2363 553 2482 Fl'g.
589 2386 630 2457 1.
695 2385 839 2495 nostris
854 2381 1095 2472 confirmatu
1113 2377 1169 2462 est
1188 2375 1570 2484 observationibus,
1613 2367 1834 2491 perspecta.
1907 2382 1949 2470 1-

463 2500 551 2590 Le.
566 2521 643 2584 uc.
695 2514 798 2626 gitur
817 2513 1016 2622 duplicem
1033 2531 1219 2593 truncum
1239 2506 1531 2616 chylifetorum
1559 2531 1693 2624 prope
1715 2509 1842 2595 finem
1858 2514 1956 2597 iute-

692 2643 797 2747 stini,
832 2667 952 2728 unum
969 2639 1243 2740 anteriorem,
1270 2639 1441 2724 alterum
1452 2639 1749 2749 posteriorem,
1782 2641 1956 2728 demon-
2038 2623 2045 2632 ⁸

671 2769 839 2858 ·strante
854 2769 1004 2877 oculo,
1031 2754 1249 2870 luculenter
1277 2766 1576 2877 conspeximus.
1657 2767 1829 2859 Nullum
1849 2797 1954 2860 vero

622 2977 625 2984 ,
691 2904 794 2989 inter
816 2905 905 3016 illop
919 2900 1093 2986 senfibile
1108 2896 1314 2984 discrimen
1335 2897 1473 3002 datur,
1503 2899 1573 2984 nist
1595 2899 1734 3010 quoad
1746 2901 1881 2986 locun
1901 2927 1944 2987 e-

700 3033 930 3146 gressuszille
944 3035 1047 3116 eninr
1058 3029 1296 3139 superioria.
1313 3027 1375 3112 hic
1393 3025 1592 3124 inferiori.
1614 3029 1963 3120 cintelliuilatcre'

693 3165 745 3250 ed
763 3163 1038 3250 mesenterium
1055 3158 1196 3264 tendit,
1223 3156 1407 3268 huncque
1423 3153 1717 3280 dispositionem
1735 3164 1951 3270 uterquein

545 3339 547 3346 s
691 3289 924 3380 mesentetio
937 3291 1093 3396 retinet,
1127 3290 1183 3373 uti
1213 3285 1253 3372 in
1277 3285 1380 3399 seqq.
1403 3289 1540 3400 palam
1567 3289 1645 3374 fiet.
1710 3285 1783 3375 De
1797 3309 1951 3378 ccrtcro
2010 3399 2023 3412 ,

599 3417 600 3422 ‘
693 3424 954 3536 amplitudine
980 3446 1070 3531 que
1101 3417 1225 3504 setam
1253 3421 1366 3529 porci
1393 3438 1522 3528 aequtt
1548 3445 1623 3504 nec
1656 3444 1740 3506 non
1781 3440 1951 3508 externe

693 3549 1041 3657 conformatione,
1071 3547 1246 3662 perfecte
1262 3549 1522 3641 conveniunt.
1797 3549 1804 3560 “

465 3661 650 3804 Egrtffirr
809 3677 887 3769 Pe'r
908 3685 1017 3792 perir
1033 3684 1195 3792 itaque,
1229 3703 1282 3765 ex
1299 3675 1640 3765 intestino.uersus
1657 3676 1951 3788 molemonium,

466 3819 670 3936 chysisper
694 3809 785 3902 rusa
798 3814 986 3898 incedere
1002 3803 1215 3924 chylifem‚
1244 3816 1299 3896 ex
1318 3809 1452 3892 modo
1472 3807 1585 3895 dictis
1602 3806 1852 3912 manifestum
1881 3811 1952 3917 est,

459 3957 596 4066 paria,
696 3944 805 4057 quod
825 3968 907 4030 non
924 3944 1051 4027 minus
1067 3944 1118 4028 de
1142 3938 1247 4032 uude
1269 3934 1499 4052 sanguiseris
1518 3937 1681 4036 intestini
1707 3965 1851 4024 vemm
1869 3937 1950 4026 esse

644 4150 652 4162 .
695 4073 1048 4185 deprehendimus.
1119 4066 1318 4188 Attamen
1341 4070 1512 4155 rtrlores
1534 4067 1619 4154 sunt
1650 4063 1949 4178 chyliserorum

661 4193 665 4202 ’
690 4229 810 4316 quem
828 4202 1126 4312 sanguineorum
1143 4199 1461 4304 obstnu‘iiones,
1481 4203 1586 4286 cuius
1612 4194 1855 4284 differentiae
1879 4225 1941 4284 ru-

692 4338 779 4444 tiu‚·
801 4353 884 4418 trun
898 4360 922 4455 ,²
937 4332 1058 4444 copia
1084 4387 1097 4438 ,
1139 4351 1227 4416 tum
1260 4329 1491 4440 equalitate
1512 4326 1706 4440 sanguinis
1721 4329 1947 4440 procedere

603 4579 607 4584 .
682 4461 830 4578 pontt
859 4451 868 4470 '
897 4461 1105 4552 Interdtun
1121 4469 1241 4552 etium
1257 4459 1339 4572 ipse
1352 4457 1494 4572 chylus
1513 4459 1556 4544 in
1577 4457 1650 4546 suis
1666 4459 1764 4566 unsre
1785 4457 1944 4566 sistitur,

946 4645 949 4650 .
1330 4635 1339 4648 .
1386 4616 1432 4644 ,ι
1595 4621 1597 4626 .
1702 4599 1713 4610 ,
1762 4633 1772 4648 .
1893 4589 1947 4674 „fi
