4386 5980
415 453 418 466 '
588 473 1120 630 astronomum.
1377 493 1471 609 473
1544 439 1552 452 '

195 661 304 761 'bine
343 663 726 786 Archangeiopolin
770 672 973 784 protenus
1000 663 1108 760 'esset
1156 671 1291 760 mense
1331 661 1475 786 A'prnr
1611 651 1615 662 ¹

216 820 349 916 1727.
378 803 702 914 deportassetque
718 801 847 890 secum
866 801 1158 914 Telescopium
1180 805 1277 926 20}
1294 805 1475 916 ped.·ego

157 1042 161 1050 Ι
182 935 185 942 ’
209 933 250 1022 in
263 937 419 1045 reliquis
437 927 805 1020 Observationibua
819 934 1118 1046 frequentissime
1135 928 1218 1018 usus
1242 935 1323 1022 sum
1343 933 1475 1020 Tubu

214 1085 294 1156 22.
316 1065 412 1174 ped.
436 1065 543 1150 'cuius
567 1087 672 1174 ope,
711 1083 754 1147 ut
774 1064 905 1148 multis
926 1063 1083 1148 vicibus
1105 1057 1259 1150 Parrus
1284 1088 1476 1174 expertus
1508 1073 1512 1080 ’
1546 1101 1556 1111 -

113 1273 115 1278 .
212 1191 323 1296 sum,
356 1192 643 1280 Immersrones
660 1193 838 1303 primi&
855 1193 1010 1277 secundi
1031 1191 1195 1276 satellitis
1222 1211 1263 1306 5.
1278 1211 1342 1302 aut
1362 1190 1393 1279 6
1421 1189 1477 1280 se.

214 1319 352 1408 tundis
372 1321 521 1410 tardius
541 1322 855 1409 animaduertere
871 1321 970 1407 mihi
986 1322 1120 1428 linuit,
1152 1345 1272 1434 quam
1294 1347 1376 1436 ope
1384 1326 1471 1414 Tu·

212 1441 252 1537 bi
269 1452 479 1570 203ped,'
515 1479 519 1490 ·
682 1575 690 1598 Ι
761 1570 767 1579 .

219 1713 224 1722 ‘
314 1707 494 1798 insternit
517 1712 611 1797 mihi
633 1709 1064 1823 quoqueaiiquandoin
1092 1707 1242 1798 ultimis
1259 1707 1475 1802 hisceOb·
1596 1744 1599 1754 ¹

196 1837 496 1941 seruauonibus
510 1841 799 1952 Telescopium
815 1839 1134 1952 Campanianum
1162 1857 1229 1953 15.
1252 1841 1347 1951 ped.
1365 1844 1482 1930 aliud-

215 1995 293 2082 que
308 1971 345 2054 in
359 1963 516 2081 Angiia
533 1969 786 2055 elaboratum
812 1992 886 2082 13.
911 1970 1004 2072 ped.
1035 1969 1145 2077 quod
1163 1971 1288 2054 multa
1308 1973 1481 2057 claritate

213 2101 370 2186 obieeta
387 2097 569 2188 exhibet.
638 2099 750 2217 Quin
791 2099 913 2186 etiam
944 2096 1150 2210 *saepissime
1180 2098 1481 2187 observationes

211 2226 366 2314 babitae
403 2225 486 2312 sunt
502 2253 576 2338 per
617 2241 699 2311 tres
740 2225 861 2314 hosce
896 2223 1072 2315 diversos
1102 2226 1251 2312 Tubos
1289 2249 1355 2341 13.
1407 2233 1486 2342 ις(

216 2360 260 2444 ἀ
288 2377 367 2448 22.
393 2355 487 2466 ped.
519 2356 788 2442 adiuuantibus
826 2383 894 2444 me
918 2358 1010 2467 post
1041 2356 1192 2444 abitum
1222 2353 1374 2450 Fratris
1400 2359 1484 2445 mei

119 2495 122 2498 ’
217 2483 326 2572 Dnis
359 2485 537 2573 Krafftio
568 2487 610 2578 a
639 2488 862 2598 Vignon3
921 2493 969 2569 at'·
990 2475 1092 2570 uero
1122 2512 1214 2572 cum
1254 2511 1338 2572 non
1378 2486 1477 2574 sem-

217 2640 292 2727 per
325 2616 522 2700 accideret
557 2635 600 2698 ut
634 2635 844 2703 momenta
870 2608 1208 2701 Observationum
1243 2635 1356 2700 tanto
1383 2643 1484 2726 prae.

218 2743 301 2842 ‚eise
319 2744 520 2844 interuallo
540 2742 688 2828 interse
708 2745 895 2827 distarent
910 2768 958 2827 ac
975 2739 1196 2828 Tuborum
1217 2741 1485 2854 longitudines

220 2859 316 2959 illu'd
331 2871 583 2984 requirebant
599 2901 610 2957 ε
627 2868 922 2980 adscribendum
941 2871 981 2955 id
1004 2865 1083 2954 effe
1105 2871 1237 2982 putaui
1253 2869 1413 2956 diuersae
1438 2899 1484 2959 o-

87 3035 107 3052 ·
222 3005 405 3088 tusorum
435 3000 708 3088 constitutioni
728 3026 742 3110 ;
778 3002 911 3110 itaque
936 2997 1152 3087 consultius
1173 3003 1252 3087 esse
1276 3000 1424 3085 credidi
1441 3023 1486 3088 ut
1545 3055 1547 3058 -

222 3131 450 3220 recenseam
471 3155 525 3216 ex
544 3129 729 3216 omnibus
748 3125 811 3214 his
830 3127 1051 3216 observatis
1072 3155 1139 3237 ea,
1163 3155 1249 3241 quae
1261 3133 1484 3216 maximam

178 3279 181 3285 ’
223 3284 377 3372 partem
391 3255 472 3371 ipse
490 3282 573 3370 ego
592 3258 757 3344 definivi
775 3283 857 3369 ope
871 3257 1105 3368 Telescopii
1128 3263 1304 3344 omnium
1325 3261 1485 3343 nostro-

220 3416 309 3476 rum
330 3386 552 3500 longissimi.
616 3389 692 3472 Ab
720 3374 837 3471 initio
858 3389 987 3480 etiam
1012 3412 1108 3471 cum
1129 3398 1240 3473 r'neus
1261 3389 1385 3474 adhuc
1400 3385 1479 3474 sra-

73 3559 84 3576 ·
224 3533 462 3604 ter‘mecum
478 3513 589 3618 esset,
623 3515 704 3604 hoc
722 3518 922 3626 aliquoties
941 3516 1227 3628 premebamur
1246 3517 1479 3631 incommo.
1591 3619 1595 3624 ¹

155 3721 157 3724 ,
224 3649 293 3754 du,
310 3668 353 3732 ut
376 3671 449 3756 per
475 3647 675 3756 quosdam
703 3647 802 3752 dies,
825 3647 868 3730 in
893 3648 1030 3730 hieme
1050 3643 1289 3755 praesertim,
1309 3641 1382 3729 Sol
1403 3671 1486 3731 non

40 3792 44 3801 '
225 3773 458 3888 conspicuus
477 3775 592 3879 esset,
616 3775 725 3884 quod
746 3778 871 3861 etiam
890 3773 1109 3862 sufficiebat
1132 3774 1182 3859 ad
1198 3799 1385 3861 errorem
1407 3777 1478 3859 ali·
1505 3820 1509 3826 ,

225 3900 338 4019 quem
358 3907 535 4020 tempori
556 3903 845 3992 inducendum.
909 3901 1120 3992 Eiusmodi
1152 3897 1488 4014 Observationes,

225 4023 389 4150 quarum
417 4057 586 4145 tempus·
605 4061 747 4120 aerum
777 4035 971 4118 incertum
1013 4033 1068 4117 est
1093 4055 1149 4118 ex
1166 4029 1243 4116 hac
1268 4029 1349 4141 ipsa'
1375 4029 1486 4118 causa

84 4211 91 4218 ·
227 4167 352 4280 quam*
369 4165 555 4277 allegavi,
580 4161 664 4254 sunt
679 4164 856 4250 maxime
871 4157 1048 4254 Octobr.
1067 4155 1227 4274 1928»
1245 4173 1379 4272 1727.

294 4419 917 4534 Sequentibustemporibus'anni
933 4445 1080 4531 nempe
1106 4432 1235 4530 1727.
1254 4421 1296 4505 ἀ
1311 4411 1388 4511 28.
1404 4443 1491 4505 eer-

230 4554 453 4662 tiormagis
467 4548 523 4634 sui
543 4549 594 4636 de
616 4571 812 4662 ‘tempore
833 4577 970 4778 uero&
986 4548 1192 4762 gxggendo
1213 4549 1350 4664 saepius
1368 4575 1489 4765 qrarlairar}
