4376 5952
435 391 1188 600 riaruucoaronun
1401 347 1538 536 ,1⁸-

214 723 327 805 tnm,
350 705 620 807 quantaopus
646 681 692 768 sit
711 677 764 764 ad
792 667 1028 758 elevandum
1047 655 1260 779 corpunssss
1290 675 1464 767 quatuor

215 833 400 922 librarum
423 820 475 906 ad
506 813 753 903 altitudinem
778 807 892 887 unius
928 801 1069 898 usnoe,
1099 816 1181 878 cum
1204 803 1379 899 terpora
1395 787 1458 868 ho.

214 987 292 1052 rum
311 946 517 1073 ascenficam
535 941 696 1056 nonsart
712 934 900 1052 aqualia,
929 925 1025 1013 esset
1046 940 1200 1007 tantum
1216 942 1329 1004 error
1341 911 1461 1028 fassi,

213 1094 374 1182 fierror
392 1080 480 1196 est,
495 1075 559 1185 qui
573 1073 736 1157 summae
753 1067 812 1152 tei
827 1061 923 1148 nihil
950 1058 1146 1173 derogare
1167 1050 1328 1160 potest·,
1357 1071 1463 1154 prat·
1600 1160 1605 1170 Ι
1761 1095 1765 1112 ,

213 1239 394 1330 terquam
411 1208 521 1320 quod
536 1202 652 1314 supra
669 1225 760 1310 pag.
786 1211 827 1302 7.
842 1186 932 1305 jam
946 1168 998 1272 ex
1017 1179 1184 1298 Cartrsto
1213 1177 1300 1287 ipso
1329 1176 1466 1260 locum

72 1431 76 1444 .
214 1347 380 1455 allegavi
395 1358 547 1446 eiquo
566 1349 729 1442 apparet
743 1323 932 1436 illustrem
949 1309 1193 1430 Philosophum
1220 1326 1461 1394 controuer-
1578 1361 1619 1378 .,
1773 1227 1800 1341 ‘-

211 1479 291 1568 sam
307 1475 412 1560 hauc
429 1463 750 1582 propositionem
774 1455 855 1548 stne
876 1450 956 1536 ulla
976 1443 1215 1554 limitatione
1242 1435 1469 1548 equalitatis
1613 1467 1617 1476 v

131 1627 137 1642 ·
214 1605 408 1718 temporis
446 1589 660 1683 admififfe,
723 1588 817 1674 imo
844 1583 887 1666 id
913 1599 1133 1662 erroneum
1152 1564 1337 1680 judicat,
1377 1588 1470 1652 cum

211 1737 325 1850 spatii
343 1727 606 1820 confiderano
622 1715 873 1806 contunditur
900 1710 942 1793 in
960 1705 1124 1806 negotio
1144 1701 1288 1806 uirium
1314 1694 1465 1778 mensu·

212 1867 453 1964 randam,
487 1879 582 1940 cum
595 1844 779 1958 temporis
803 1855 871 1922 aut
901 1827 1111 1915 celeritatis
1135 1821 1488 1924 consideratione,

214 2001 259 2082 dt
282 1991 478 2080 sententie
492 1981 611 2093 hujus
637 1973 807 2062 solidam
839 1957 1229 2086 demonstrationem
1250 1949 1370 2060 supra
1403 1940 1472 2052 si.

222 2116 413 2236 15.16.
448 2111 640 2192 dedimus.
707 2099 956 2186 Stantetero
974 2084 1474 2173 demonstrationeinloco

217 2255 373 2348 citato,
407 2235 625 2324 concidunt
636 2231 773 2316 omnia
791 2251 879 2334 quae
896 2217 962 2310 Cl.
979 2207 1378 2326 nosterAdversarius
1394 2236 1476 2324 pro

216 2377 262 2465 se
278 2397 412 2487 porro
429 2363 611 2464 adducit,
637 2359 787 2469 quippe
810 2376 894 2463 quae
919 2349 959 2431 in
981 2345 1073 2430 solis
1099 2343 1375 2438 assertionibus
1397 2344 1480 2429 fine
1548 2343 1556 2366 ‘

216 2504 336 2594 omni
352 2494 601 2614 probatione
621 2483 809 2600 prolatis,
825 2479 1054 2567 consistunt.
1117 2463 1333 2560 Praetendit
1359 2499 1473 2560 nattu-

221 2663 323 2750 que,
351 2625 451 2746 quod
459 2691 472 2734 ,
483 2616 723 2739 fiPeudulum
743 2610 931 2726 quoddam
948 2602 1160 2714 Cycloidem
1178 2600 1375 2711 describat,
1412 2632 1474 2690 ar.

226 2791 296 2852 cos
313 2753 526 2872 Cy'cloidis
544 2743 692 2864 ascenfir
706 2742 910 2857 descriptus
931 2805 944 2848 ‚
974 2733 1254 2848 proportionalis
1257 2729 1315 2843 fit
1324 2731 1481 2846 saturus
1636 2718 1648 2739 ’

224 2897 271 2982 ui
290 2884 541 3016 ascenfionali
556 2881 722 2992 iniepimo
729 2863 1072 2986 punooCyctoidis:
1089 2855 1282 2976 hujusque
1298 2862 1483 2975 propost-

225 3023 351 3116 tionis
377 3043 462 3104 non
484 3014 606 3101 aliam
635 3009 754 3094 affert
780 3002 986 3088 rationem
1012 3049 1026 3098 ,
1059 3019 1184 3107 quam
1210 2995 1291 3080 hoc
1316 3048 1329 3098 ,
1369 2992 1487 3102 quod

226 3173 422 3260 tempora
439 3144 491 3227 ad
507 3137 706 3228 ascensiun
729 3131 910 3244 requifita
926 3127 1001 3213 fint
1015 3125 1196 3238 aequalia,
1263 3119 1344 3207 Sed
1364 3147 1489 3232 quam
1563 3143 1566 3159 ’

230 3273 459 3390 longevit
472 3267 648 3357 Doniss.
668 3267 799 3352 abstti
817 3282 945 3359 uero,
977 3254 1130 3362 patebit
1158 3253 1368 3361 postquam
1391 3251 1482 3334 des-

112 3523 116 3531 .
230 3403 401 3498 censum
416 3425 462 3486 ac
472 3395 670 3483 ascensum
685 3388 876 3505 corporis
893 3386 935 3468 in
949 3380 1155 3492 Cycloide
1176 3379 1299 3488 patilo
1315 3378 1491 3466 curatius

232 3528 507 3644 contemplati
523 3525 731 3615 fiterimus.
1434 3607 1436 3611 ¹

355 3649 819 3772 SitergocurvaADH
833 3646 917 3764 (fig.
943 3641 986 3762 3)
1005 3637 1273 3760 Semicyclois
1289 3646 1494 3733 verticem

240 3799 283 3888 in
302 3788 351 3881 H
371 3797 412 3880 δι
430 3811 551 3875 axem
567 3783 633 3874 aH
660 3786 833 3884 habens,
867 3770 978 3890 cujus
995 3782 1170 3888 proinde
1201 3777 1400 3864 semibasts
1418 3777 1495 3864 erit

239 3924 327 4017 Aa.
388 3921 490 4008 Esto
506 3941 657 4028 corpus
672 3913 711 4004 C
728 3911 840 4025 quod
861 3905 1088 3992 descensum
1107 3911 1274 4019 incipiat
1287 3897 1327 3992 in
1343 3910 1495 4016 puncto

241 4053 331 4160 A,-
350 4071 469 4162 atque
491 4047 716 4135 accelerato
734 4061 851 4126 motu
866 4061 1008 4120 cauam
1025 4038 1223 4145 cycloidis
1240 4055 1395 4146 partem
1405 4061 1497 4145 per-

246 4202 384 4272 currat
406 4181 449 4263 in
476 4175 772 4286 suppositione,
802 4166 914 4282 quod
935 4167 1499 4277 grauitas-ubiqueunisonnit

248 4319 292 4402 dt
305 4308 540 4398 uniusmodi
551 4307 598 4390 stt
617 4338 625 4391 :
650 4307 780 4414 itaque
792 4299 908 4392 initio
925 4293 1124 4383 descensus
1135 4297 1492 4408 urgebiturmobi-

249 4438 521 4550 sesecundum
534 4435 798 4522 doemonem
814 4427 1010 4534 tangentis
1020 4429 1205 4535 cyclodis
1224 4430 1263 4512 in
1272 4433 1424 4536 puncto
1432 4420 1498 4529 A,

249 4577 293 4672 ti
318 4595 440 4690 qiam
461 4567 634 4682 exponit
657 4590 774 4656 attus
801 4554 918 4672 ΑΗ,
950 4557 992 4643 id
1021 4557 1239 4649 Neutomts
1263 4561 1443 4672 pritnum
1460 4558 1502 4640 dc

639 4731 649 4808 t
799 4745 802 4752 ·
917 4701 922 4708 ’
1240 4761 1242 4767 ,
1360 4685 1506 4802 postea
