4312 5954
668 529 731 624 ta
871 515 969 609 DE
1007 505 1315 608 {sturnus
1356 503 1688 606 CORPORI

673 739 914 850 motricium
937 776 947 832 ε
975 746 1056 834 hoc
1075 743 1132 830 est
1144 804 1157 853 ‚
1178 761 1352 858 quaro,
1386 771 1512 858 quam
1535 748 1739 835 rationem
1762 744 1937 844 habeant

675 895 782 979 uires
804 889 846 970 in
864 905 1042 991 corpore
1053 899 1172 963 moto
1186 873 1235 962 A
1257 873 1507 988 praesentes,
1535 877 1583 964 ad
1596 879 1702 964 vites
1725 881 1933 994 incorpo.

674 1048 720 1113 re
745 1037 864 1102 moto
891 1011 928 1099 B
955 1005 1177 1120 presentes.
1248 1005 1293 1093 Si
1309 1007 1534 1094 mensuram
1548 1001 1709 1120 quae'ro,
1729 1012 1862 1098 debeo
1876 1017 1933 1100 iu-

676 1151 819 1238 venire·
833 1146 1015 1232 uitatem
1032 1193 1045 1244 ‚
1073 1163 1160 1249 quae
1178 1135 1391 1252 replicetur
1405 1139 1448 1222 in
1467 1164 1573 1244 uno,
1593 1141 1636 1225 u
1654 1143 1695 1226 in
1715 1139 1942 1232 alterozhe'-

676 1281 850 1394 plicetur
858 1293 990 1361 autem
1001 1271 1082 1374 itu,
1110 1289 1156 1356 ut
1172 1268 1365 1380 quicquid
1381 1267 1423 1352 in
1440 1267 1588 1380 fimplo
1608 1269 1939 1382 deprehenditur,

679 1412 740 1496 bis
774 1401 1096 1518 deprehendatur
1117 1401 1158 1484 in
1185 1397 1316 1509 duplo
1332 1397 1414 1482 vid.
1431 1393 1537 1492 Adi.
1554 1397 1777 1516 Er.1695.
1797 1423 1938 1520 12155

680 1540 787 1634 Non
806 1539 921 1644 igitur
937 1529 1080 1618 sufficit
1093 1539 1169 1641 pro
1187 1525 1370 1614 mensura
1388 1527 1533 1634 haum,
1547 1532 1747 1642 quicquid
1770 1530 1945 1642 crescon.

681 1685 723 1756 te
739 1662 1008 1753 mertsurando
1045 1658 1206 1764 crescit,
1234 1657 1304 1744 sed
1324 1655 1527 1744 necessum
1546 1664 1627 1767 est,
1649 1683 1717 1769 nt,
1738 1662 1941 1748 limenfit-
2118 1681 2120 1685 ⁴

683 1798 854 1886 randum
874 1772 1020 1878 debeat
1044 1788 1226 1876 crescere
1243 1790 1296 1878 ad
1313 1788 1480 1899 duplum
1498 1787 1555 1875 sui
1575 1846 1589 1897 ‚
1614 1793 1737 1878 edam
1762 1793 1948 1880 mensura

682 1929 734 2020 stc
758 1927 952 2029 creverit,
988 1943 1040 2027 ut*
1049 1919 1240 2006 habeatur
1256 1921 1420 2032 precise
1433 1918 1602 2031 duplum
1620 1921 1708 2006 eius
1724 1985 1741 2032 ,Ι
1759 1924 1872 2034 quod
1889 1924 1949 2010 est

685 2056 900 2167 instrhplo.
962 2049 1040 2141 Ha
1058 2053 1176 2166 igitur
1189 2050 1324 2163 regula
1338 2046 1419 2137 elie
1439 2049 1586 2138 debent
1601 2053 1850 2140 examinis&
1881 2053 1950 2140 de·

685 2184 1004 2276 monstrationis.
1433 2220 1440 2242 ‚
1524 2239 1529 2248 ,
1605 2237 1609 2246 -

734 2363 741 2372 ·
802 2303 929 2406 VIII.
995 2307 1267 2423 Applicando
1293 2309 1379 2396 illas
1396 2312 1447 2400 ad
1471 2312 1660 2420 negotium
1679 2313 1861 2428 prason,
1887 2309 1946 2402 sa-
2038 2350 2046 2386 .·

689 2447 766 2532 tile
783 2445 968 2531 videmus
988 2453 1009 2549 ,'
1032 2439 1274 2532 tumtnaffa
1302 2442 1494 2553 corporis
1508 2437 1560 2524 A
1577 2442 1698 2553 dupla
1714 2445 1772 2528 est
1793 2469 1947 2552 corpo·
2057 2474 2062 2482 ·

688 2578 824 2682 risa,
863 2577 906 2660 dt
928 2574 1121 2658 velocitas
1147 2557 1360 2685 utrobique
1372 2584 1478 2658 :t
1507 2571 1618 2681 quod
1635 2575 1676 2658 in
1695 2596 1875 2684 corpote
1899 2569 1951 2660 A

691 2707 829 2791 omnia
863 2701 1042 2815 perferte
1074 2703 1354 2814 replicentur,
1397 2726 1486 2812 quae
1505 2699 1587 2786 liunt
1623 2704 1666 2787 in
1696 2727 1877 2816 corpore
1901 2729 1951 2809 a,·

687 2835 819 2923 habeo
839 2837 949 2921 enim
968 2859 1120 2946 corpus
1136 2858 1258 2920 unum
1278 2859 1392 2937 za,
1418 2858 1512 2918 cum
1536 2833 1829 2920 celeritateutt
1868 2881 1883 2936 2
1912 2839 1958 2921 δε

693 2989 843 3076 corpus
896 2965 1066 3051 alterum
1117 2989 1244 3070 zu,
1292 2985 1391 3048 curn
1433 2962 1640 3049 celeritate
1675 2983 1797 3076 ut13
1843 2964 1956 3075 siqn-

515 3141 517 3148 ,
690 3093 854 3179 dement
872 3091 1090 3204 hypothesi
1107 3088 1287 3185 Azea.
1351 3085 1503 3182 Habeo
1537 3088 1600 3178 bin
1624 3093 1664 3177 in
1691 3115 1869 3204 corpore
1886 3089 1953 3200 A,

691 3223 883 3337 quicquid
899 3223 1034 3308 haheo
1052 3226 1134 3309 ina
1158 3255 1167 3310 :
1198 3207 1444 3309 'celeritatem
1468 3242 1511 3307 ut
1531 3221 1721 3315 1,habeo
1741 3223 1825 3338 bis;
1844 3249 1953 3310 mas·

692 3355 776 3442 sam
791 3374 895 3470 utu,
919 3354 1048 3441 habeo
1078 3354 1148 3440 bis.
1226 3351 1379 3473 Quoad
1403 3349 1509 3438 hunc
1535 3353 1650 3462 igitur
1675 3376 1838 3468 partem
1863 3351 1978 3454 nihil

585 3581 588 3586 ,
696 3485 914 3572 desiderari
944 3485 1076 3595 potest
1096 3487 1137 3570 in
1163 3483 1475 3571 ratiocinatione
1505 3471 1541 3585 h.
1578 3501 1618 3593 3.
1707 3485 1800 3570 Iam
1826 3505 1963 3598 porro

695 3617 769 3704 sint
796 3615 876 3696 duo
902 3638 1084 3724 corpora
1115 3609 1163 3698 A
1186 3619 1229 3700 dt
1244 3639 1307 3718 a,
1333 3611 1751 3723 quornmmali'aesrnt
1769 3614 1962 3724 aquales,
2110 3599 2113 3612 ’

696 3743 761 3828 sed
779 3741 897 3852 spatia
916 3761 1029 3826 motu
1053 3743 1234 3853 aequabili
1250 3738 1434 3851 percursa
1455 3743 1532 3825 sint
1547 3743 1747 3854 inaequalia
1771 3803 1784 3846 ‚
1808 3743 1851 3825 ἃ
1868 3743 1963 3848 qui-

698 3873 792 3956 dem
810 3869 982 3981 spatium
1002 3873 1189 3981 corporis
1204 3867 1254 3957 A
1273 3870 1442 3982 duplum
1465 3869 1645 3976 alterius)
1668 3861 1751 3954 'live
1763 3862 1900 3955 Szas
1918 3873 1968 3956 ἀ

698 3999 879 4103 C:2c‚
903 4005 1117 4110 quaritur,
1154 4029 1204 4087 an
1223 4000 1448 4098 denuostnt
1463 4000 1601 4086 omnia
1615 3991 1967 4108 replicatalCele-
2120 4023 2125 4040 ’

696 4135 788 4218 titas
807 4129 921 4218 cest
942 4129 1059 4240 dupla
1083 4133 1241 4217 alterius
1274 4157 1310 4223 c,
1391 4123 1473 4212 Sed
1499 4128 1643 4214 eadem
1670 4129 1726 4213 est
1749 4128 1982 4240 utrobique·

701 4258 836 4348 maiia.
941 4259 1060 4342 Idem
1115 4283 1261 4369 corpus
1320 4283 1416 4344 cum
1466 4258 1668 4344 celeritate
1724 4249 1842 4368 dupla
1900 4261 1960 4348 la-

701 4407 787 4471 tum
842 4408 925 4466 non
957 4388 1128 4498 replicat
1175 4389 1315 4473 exalia
1362 4389 1445 4492 id,
1496 4389 1608 4499 quod
1638 4388 1696 4474 est
1744 4391 1785 4474 in
1814 4385 1967 4472 eodem

703 4509 882 4625 co'rpore
925 4539 1025 4598 curn·
1061 4517 1263 4603 celeritate
1314 4519 1478 4630 sumpla
1507 4520 1607 4616 lato,
1687 4503 1782 4623 Si,
1850 4517 1966 4600 milia
2054 4585 2058 4596 .

701 4645 917 4730 celeritatis
931 4644 1035 4754 idea,
1054 4648 1228 4734 attendas
1244 4648 1295 4734 ad
1306 4648 1477 4763 spatium
1486 4705 1500 4766 t
1512 4647 1637 4736 habes
1645 4647 1711 4734 hic
1720 4667 1882 4772 motum
1891 4670 1967 4756 pet

1886 4779 2072 4864 du-'
