4386 5980
725 493 825 600 452
1229 453 1534 558 uuuuuo

727 645 938 768 quit,quod
962 644 1146 762 reliquiae
1154 635 1302 758 ficen'nt
1317 639 1570 736 Macedonum
1582 660 1623 744 et
1641 664 1793 752 mortuo
1812 643 1982 772 Almam

724 781 814 887 dra,
840 797 913 894 per
931 765 1054 864 totum
1084 773 1210 859 orbem
1222 772 1304 888 flnt
1326 771 1501 886 dsperfi:
1529 781 1620 892 quia
1642 783 1741 870 enim
1766 779 1986 886 Alexander

591 879 596 890 ⁵
725 915 885 996 uirtute
904 931 1036 996 eorum
1056 901 1255 990 deuicerat
1272 899 1405 1018 Afiam
1416 957 1427 1006 ,
1449 929 1490 990 eo
1502 903 1668 1018 descedio
1686 977 1698 1018 ‚
1706 911 1755 1027 se
1778 916 1835 1003 idi
1850 932 1984 1010 terroe

727 1037 889 1152 amplius
911 1037 1144 1122 committere
1165 1056 1232 1118 non
1246 1031 1429 1118 madebant
1450 1088 1463 1136 ,
1483 1032 1556 1147 sed
1570 1063 1653 1124 cnm
1666 1051 1850 1132 trecentis
1873 1055 1979 1138 uacci-

723 1167 794 1254 bus
811 1167 1056 1280 recefferunt,
1076 1185 1171 1276 quem
1187 1179 1310 1246 oriones
1326 1162 1546 1272 perierunt,
1566 1174 1747 1284 exceptis
1764 1192 1926 1289 quatuor
1948 1195 1984 1270 et

582 1289 586 1296 ’
727 1296 1012 1412 quinquaginta
1030 1358 1042 1399 ,
1060 1315 1224 1406 quarum
1242 1286 1435 1376 otlodecim
1445 1283 1629 1382 Panaciam
1643 1318 1893 1415 occuparunt,
1901 1307 1983 1400 dun.

723 1423 839 1511 decim
858 1421 1043 1534 Regiam,
1072 1434 1237 1536 quatuor
1251 1431 1291 1504 et
1308 1411 1441 1530 uiginti
1452 1421 1717 1540 applicuerunt
1742 1431 1794 1519 ad
1807 1427 1982 1547 Albium,

727 1573 1012 1668 quaerentium,
1044 1560 1168 1634 trans
1184 1543 1368 1650 Albium,
1404 1543 1566 1658 Syluam
1589 1556 1737 1644 incoluit
1753 1576 1791 1647 et
1803 1561 1980 1676 sucendit,

726 1681 766 1766 in
784 1708 861 1795 qua
874 1675 1095 1802 postcafunt
1110 1679 1247 1764 inuenti
1277 1677 1319 1762 et
1337 1673 1491 1791 Haisati
1516 1683 1716 1794 appellati.
1751 1688 1757 1696 ’
1781 1683 1986 1784 Nondum

726 1811 818 1896 tatis
839 1812 995 1896 exculta
1007 1801 1168 1907 fabula,
1197 1807 1352 1893 ncceffit
1390 1799 1589 1896 Gobelini
1615 1812 1811 1911 Personae
1856 1827 1986 1914 nobile
2092 1863 2100 1880 ·

582 1999 587 2007 .
727 1940 952 2048 ingenium:
980 1940 1057 2042 ¹iter
1077 1938 1183 2021 enim
1203 1936 1408 2048 aditusque
1425 1959 1569 2025 omnes
1586 1943 1806 2052 patefecit&
1839 1942 1980 2068 δαιμό-

729 2097 814 2170 ,rme
827 2065 1122 2156 Macedonibus
1135 2061 1310 2176 fugitiuis
1328 2069 1368 2152 in
1383 2065 1590 2156 Peuffiam.
1653 2069 1909 2188 Macedones,
1930 2090 1986 2171 in-

729 2197 841 2306 quit,
874 2221 972 2310 quos
992 2188 1212 2281 Alexander
1227 2193 1331 2305 apud
1344 2207 1481 2280 mmtec
1494 2191 1677 2329 Caspiae,
1697 2216 1901 2324 tamquam
1913 2209 1988 2321 fibi

617 2429 622 2439 ι
714 2324 902 2436 fideliores
926 2323 982 2412 ad
996 2322 1190 2436 crqlodiarn
1210 2325 1375 2435 patriae
1398 2326 1610 2440 reliquerat
1635 2393 1647 2434 ,
1686 2333 1879 2422 audientes
1903 2324 1988 2428 eam

729 2449 797 2564 effe
809 2464 1029 2553 mortuum,
1049 2443 1211 2536 turbati
1219 2446 1311 2560 fient
1327 2451 1441 2540 ualde
1457 2465 1498 2539 et
1507 2457 1769 2570 perpendentes
1788 2465 1913 2554 octium
1924 2471 1991 2576 in-¹

728 2578 1012 2690 colarum‚per
1031 2590 1186 2668 terram
1200 2579 1329 2669 redire
1341 2576 1685 2674 in‘Macedoniam
1708 2589 1990 2708 menemus
2049 2666 2051 2670 ,

729 2731 863 2822 quare
876 2707 1230 2796 trecentisnauibus
1240 2713 1527 2824 praeparatis,
1553 2713 1737 2830 miserunt
1757 2725 1853 2838 jein
1880 2753 1988 2816 mare

729 2831 913 2948 Caspium
943 2850 985 2922 et
1005 2837 1069 2922 diu
1111 2839 1338 2952 nauigantes
1358 2855 1431 2952 per
1453 2867 1567 2932 mare
1584 2870 1785 2958 oceanum,
1801 2853 1985 2972 sodesfibi

730 2963 995 3080 quaerebant:
1010 2963 1084 3077 sed
1094 2967 1179 3053 dum
1202 2969 1348 3082 largius
1365 2969 1595 3060 oberrabant
1607 3028 1620 3076 ‚
1645 2981 1991 3098 maristempesla·

731 3105 908 3180 teomnes
926 3117 1040 3182 naues
1056 3117 1183 3182 eorum
1190 3113 1356 3209 prorem
1372 3097 1525 3184 L1111
1536 3105 1761 3215 periurnaj
1794 3107 1840 3198 de
1858 3115 1987 3227 quibus

710 3221 887 3320 xtandem
901 3217 1061 3310 XVII
1084 3251 1203 3314 naues
1223 3229 1429 3315 intrabunt
1450 3223 1637 3318 Pruziam
1674 3250 1716 3320 ct
1739 3233 1850 3324 Xll
1866 3269 1985 3331 naues

697 3445 700 3450 ,
730 3363 883 3436 terram
917 3350 1056 3464 Rugen
1079 3366 1134 3450 et,
1148 3355 1289 3442 littora
1313 3361 1437 3446 muris
1457 3353 1681 3476 propinqua.
1717 3367 1983 3486 intelligitis,

732 3481 903 3594 opinor,
923 3477 1072 3566 fabulas
1086 3485 1227 3572 ssmiles
1247 3484 1323 3570 esse
1340 3489 1467 3596 lolio,
1509 3491 1610 3580 stitus
1635 3519 1658 3575 e
1680 3520 1806 3604 paruo
1825 3499 1982 3610 semine,

594 3713 597 3724 ἡ
730 3611 939 3718 nouasque
965 3609 1118 3717 uberta²
1149 3616 1215 3699 sed
1232 3615 1465 3704 luxuriantia
1480 3623 1606 3726 magis
1621 3648 1746 3732 quum
1762 3630 1866 3716 culta
1880 3635 1986 3743 inge-

731 3737 810 3839 nia,
825 3737 863 3819 in
877 3736 1113 3826 immensum
1137 3745 1212 3832 illis
1237 3751 1485 3857 temporibus
1512 3752 1751 3861 accreuiffe,
1783 3783 1887 3844 nune
1919 3763 1987 3850 vbi

727 3863 863 3951 meiius
889 3866 1067 3954 facienda
1095 3871 1188 3982 est,
1222 3900 1373 3989 purum
1399 3877 1578 3971 ostoun
1604 3877 1842 4004 frumentum
1855 3887 1979 3980 sceer-

731 3994 902 4082 nendum
920 3999 995 4084 effe
1011 4023 1035 4084 a
1050 3999 1162 4090 lolio.
1302 4107 1313 4122 μ

848 4251 920 4338 Est
941 4276 1145 4364 praeterea
1158 4263 1228 4348 alia
1246 4207 1400 4352 nouae
1414 4267 1513 4355 illius
1523 4287 1564 4354 et
1576 4265 1686 4358 huius
1712 4272 1850 4387 origo,
1913 4273 1980 4366 A.

732 4371 969 4466 texandrum
996 4411 1059 4471 res
1085 4389 1215 4501 gentse
1240 4395 1291 4481 nd
1315 4393 1570 4509 Caucasum,
1597 4393 1809 4492 aGruecis
1829 4410 1985 4522 quibus-

1896 4541 1990 4632 dom
