<?xml version="1.0" encoding="UTF-8"?>
<!DOCTYPE html PUBLIC "-//W3C//DTD XHTML 1.0 Transitional//EN"
    "http://www.w3.org/TR/xhtml1/DTD/xhtml1-transitional.dtd">
<html xmlns="http://www.w3.org/1999/xhtml" xml:lang="en" lang="en">
 <head>
  <title>
</title>
<meta http-equiv="Content-Type" content="text/html;charset=utf-8" />
  <meta name='ocr-system' content='tesseract 3.04.00' />
  <meta name='ocr-capabilities' content='ocr_page ocr_carea ocr_par ocr_line ocrx_word'/>
</head>
<body>
  <div class='ocr_page' id='page_1' title='image "./commentariiacad02sssrgoog_0502.png"; bbox 0 0 4386 5980; ppageno 0'>
   <div class='ocr_carea' id='block_1_1' title="bbox 686 375 1619 578">
    <p class='ocr_par' dir='ltr' id='par_1_1' title="bbox 686 375 1619 578">
     <span class='ocr_line' id='line_1_1' title="bbox 686 375 1619 578; baseline 0.021 -61"><span class='ocrx_word' id='word_1_1' title='bbox 686 391 1056 523; x_wconf 68' lang='lat' dir='ltr'><em>curensem</em></span> <span class='ocrx_word' id='word_1_2' title='bbox 1373 375 1492 578; x_wconf 63' lang='lat'><em>‚445</em></span> <span class='ocrx_word' id='word_1_3' title='bbox 1520 383 1557 434; x_wconf 79' lang='lat'><em>⁹</em></span> <span class='ocrx_word' id='word_1_4' title='bbox 1608 381 1619 449; x_wconf 79' lang='lat'><em>³</em></span> 
     </span>
    </p>
   </div>
   <div class='ocr_carea' id='block_1_2' title="bbox 70 607 1676 3603">
    <p class='ocr_par' dir='ltr' id='par_1_2' title="bbox 226 607 1630 1258">
     <span class='ocr_line' id='line_1_2' title="bbox 226 607 1630 737; baseline 0.002 -33"><span class='ocrx_word' id='word_1_5' title='bbox 226 611 302 737; x_wconf 78' lang='lat' dir='ltr'><em>post</em></span> <span class='ocrx_word' id='word_1_6' title='bbox 320 628 470 704; x_wconf 87' lang='lat' dir='ltr'><em>eeteros</em></span> <span class='ocrx_word' id='word_1_7' title='bbox 490 611 849 732; x_wconf 71' lang='lat' dir='ltr'><em>regioruspertirgit</em></span> <span class='ocrx_word' id='word_1_8' title='bbox 863 615 918 704; x_wconf 84' lang='lat' dir='ltr'><em>nd</em></span> <span class='ocrx_word' id='word_1_9' title='bbox 942 607 1251 734; x_wconf 69' lang='lat' dir='ltr'><em>Turedonnum,</em></span> <span class='ocrx_word' id='word_1_10' title='bbox 1277 631 1318 708; x_wconf 92' lang='lat' dir='ltr'><em>et</em></span> <span class='ocrx_word' id='word_1_11' title='bbox 1335 632 1494 718; x_wconf 84' lang='lat' dir='ltr'><em>terram</em></span> <span class='ocrx_word' id='word_1_12' title='bbox 1617 649 1630 660; x_wconf 60' lang='grc'><strong>“</strong></span> 
     </span>
     <span class='ocr_line' id='line_1_3' title="bbox 228 743 1554 866; baseline 0.004 -32"><span class='ocrx_word' id='word_1_13' title='bbox 228 743 458 854; x_wconf 86' lang='lat' dir='ltr'><em>Getarum,</em></span> <span class='ocrx_word' id='word_1_14' title='bbox 495 748 739 861; x_wconf 81' lang='lat' dir='ltr'><em>porrigitque</em></span> <span class='ocrx_word' id='word_1_15' title='bbox 751 745 799 861; x_wconf 88' lang='lat' dir='ltr'><em>se</em></span> <span class='ocrx_word' id='word_1_16' title='bbox 824 750 879 835; x_wconf 86' lang='lat' dir='ltr'><em>ud</em></span> <span class='ocrx_word' id='word_1_17' title='bbox 899 753 1049 866; x_wconf 79' lang='lat' dir='ltr'><em>confinia</em></span> <span class='ocrx_word' id='word_1_18' title='bbox 1067 747 1275 859; x_wconf 86' lang='lat' dir='ltr'><em>Sinarum,</em></span> <span class='ocrx_word' id='word_1_19' title='bbox 1295 755 1335 840; x_wconf 86' lang='lat' dir='ltr'><em>in</em></span> <span class='ocrx_word' id='word_1_20' title='bbox 1358 755 1495 864; x_wconf 83' lang='lat' dir='ltr'><em>regnis</em></span> <span class='ocrx_word' id='word_1_21' title='bbox 1552 817 1554 822; x_wconf 84' lang='lat'>-</span> 
     </span>
     <span class='ocr_line' id='line_1_4' title="bbox 229 872 1496 993; baseline 0.002 -25"><span class='ocrx_word' id='word_1_22' title='bbox 229 875 379 992; x_wconf 79' lang='lat' dir='ltr'><em>Mugui</em></span> <span class='ocrx_word' id='word_1_23' title='bbox 390 893 431 965; x_wconf 92' lang='lat' dir='ltr'><em>et</em></span> <span class='ocrx_word' id='word_1_24' title='bbox 449 872 610 970; x_wconf 84' lang='lat' dir='ltr'><em>Chutuu&#39;.</em></span> <span class='ocrx_word' id='word_1_25' title='bbox 637 874 679 964; x_wconf 83' lang='grc' dir='ltr'><em>Α</em></span> <span class='ocrx_word' id='word_1_26' title='bbox 690 877 963 993; x_wconf 78' lang='lat' dir='ltr'><em>septemtrione</em></span> <span class='ocrx_word' id='word_1_27' title='bbox 984 898 1113 970; x_wconf 89' lang='lat' dir='ltr'><em>autem</em></span> <span class='ocrx_word' id='word_1_28' title='bbox 1134 879 1293 973; x_wconf 80' lang='lat' dir='ltr'><em>Eruitur</em></span> <span class='ocrx_word' id='word_1_29' title='bbox 1314 875 1496 974; x_wconf 81' lang='lat' dir='ltr'><em>Siberine</em></span> 
     </span>
     <span class='ocr_line' id='line_1_5' title="bbox 227 1004 1494 1131; baseline 0.002 -33"><span class='ocrx_word' id='word_1_30' title='bbox 227 1023 269 1098; x_wconf 94' lang='lat' dir='ltr'><em>et</em></span> <span class='ocrx_word' id='word_1_31' title='bbox 285 1010 417 1098; x_wconf 88' lang='lat' dir='ltr'><em>Berur</em></span> <span class='ocrx_word' id='word_1_32' title='bbox 433 1021 473 1095; x_wconf 90' lang='lat' dir='ltr'><em>et</em></span> <span class='ocrx_word' id='word_1_33' title='bbox 489 1004 667 1122; x_wconf 80' lang='lat' dir='ltr'><em>Kephur&#39;</em></span> <span class='ocrx_word' id='word_1_34' title='bbox 680 1023 855 1098; x_wconf 85' lang='lat' dir='ltr'><em>uerene</em></span> <span class='ocrx_word' id='word_1_35' title='bbox 871 1013 940 1124; x_wconf 72' lang='lat' dir='ltr'><em>est,</em></span> <span class='ocrx_word' id='word_1_36' title='bbox 964 1009 1068 1122; x_wconf 82' lang='lat' dir='ltr'><em>ficut</em></span> <span class='ocrx_word' id='word_1_37' title='bbox 1087 1027 1232 1100; x_wconf 86' lang='lat' dir='ltr'><em>montes</em></span> <span class='ocrx_word' id='word_1_38' title='bbox 1259 1044 1270 1100; x_wconf 90' lang='lat'>:</span> <span class='ocrx_word' id='word_1_39' title='bbox 1314 1029 1353 1101; x_wconf 90' lang='lat' dir='ltr'><em>et</em></span> <span class='ocrx_word' id='word_1_40' title='bbox 1366 1015 1494 1131; x_wconf 75' lang='lat' dir='ltr'><em>putee</em></span> 
     </span>
     <span class='ocr_line' id='line_1_6' title="bbox 229 1131 1489 1258; baseline 0.003 -32"><span class='ocrx_word' id='word_1_41' title='bbox 229 1131 399 1255; x_wconf 74' lang='lat' dir='ltr'><em>cingitur</em></span> <span class='ocrx_word' id='word_1_42' title='bbox 415 1137 588 1252; x_wconf 84' lang='lat' dir='ltr'><em>deserto,</em></span> <span class='ocrx_word' id='word_1_43' title='bbox 610 1141 650 1225; x_wconf 84' lang='lat' dir='ltr'><em>iu</em></span> <span class='ocrx_word' id='word_1_44' title='bbox 672 1139 874 1254; x_wconf 87' lang='lat' dir='ltr'><em>quoserue</em></span> <span class='ocrx_word' id='word_1_45' title='bbox 890 1155 931 1230; x_wconf 92' lang='lat' dir='ltr'><em>et</em></span> <span class='ocrx_word' id='word_1_46' title='bbox 949 1136 1047 1228; x_wconf 86' lang='lat' dir='ltr'><em>aues</em></span> <span class='ocrx_word' id='word_1_47' title='bbox 1055 1142 1253 1258; x_wconf 81' lang='lat' dir='ltr'><em>syinestres</em></span> <span class='ocrx_word' id='word_1_48' title='bbox 1273 1159 1489 1256; x_wconf 81' lang='lat' dir='ltr'><em>unguntur,</em></span> 
     </span>
    </p>

    <p class='ocr_par' dir='ltr' id='par_1_3' title="bbox 187 1271 1494 1390">
     <span class='ocr_line' id='line_1_7' title="bbox 187 1271 1494 1390; baseline -0.006 -24"><span class='ocrx_word' id='word_1_49' title='bbox 187 1361 189 1366; x_wconf 24' lang='lat' dir='ltr'><em>s</em></span> <span class='ocrx_word' id='word_1_50' title='bbox 228 1271 428 1388; x_wconf 83' lang='lat' dir='ltr'><em>quuefient</em></span> <span class='ocrx_word' id='word_1_51' title='bbox 455 1271 688 1357; x_wconf 81' lang='lat' dir='ltr'><em>recreationi</em></span> <span class='ocrx_word' id='word_1_52' title='bbox 710 1271 969 1387; x_wconf 81' lang='lat' dir='ltr'><em>principibus:</em></span> <span class='ocrx_word' id='word_1_53' title='bbox 1001 1297 1105 1360; x_wconf 88' lang='lat' dir='ltr'><em>uentu</em></span> <span class='ocrx_word' id='word_1_54' title='bbox 1119 1273 1373 1390; x_wconf 84' lang='lat' dir='ltr'><em>persequitur</em></span> <span class='ocrx_word' id='word_1_55' title='bbox 1389 1276 1494 1388; x_wconf 78' lang='lat' dir='ltr'><em>fluet</em></span> 
     </span>
    </p>

    <p class='ocr_par' dir='ltr' id='par_1_4' title="bbox 70 1399 1624 1517">
     <span class='ocr_line' id='line_1_8' title="bbox 70 1399 1624 1517; baseline 0.002 -29"><span class='ocrx_word' id='word_1_56' title='bbox 70 1497 73 1506; x_wconf 48' lang='lat'>‚</span> <span class='ocrx_word' id='word_1_57' title='bbox 227 1405 311 1506; x_wconf 74' lang='lat' dir='ltr'><em>eiur</em></span> <span class='ocrx_word' id='word_1_58' title='bbox 328 1399 468 1514; x_wconf 85' lang='lat' dir='ltr'><em>deserti</em></span> <span class='ocrx_word' id='word_1_59' title='bbox 482 1415 522 1486; x_wconf 92' lang='lat' dir='ltr'><em>et</em></span> <span class='ocrx_word' id='word_1_60' title='bbox 538 1415 717 1504; x_wconf 78' lang='lat' dir='ltr'><em>extrema</em></span> <span class='ocrx_word' id='word_1_61' title='bbox 733 1405 811 1490; x_wconf 87' lang='lat' dir='ltr'><em>eius</em></span> <span class='ocrx_word' id='word_1_62' title='bbox 827 1427 929 1490; x_wconf 90' lang='lat' dir='ltr'><em>nemo</em></span> <span class='ocrx_word' id='word_1_63' title='bbox 952 1399 1033 1488; x_wconf 84' lang='lat' dir='ltr'><em>otte</em></span> <span class='ocrx_word' id='word_1_64' title='bbox 1053 1431 1063 1488; x_wconf 91' lang='lat'>:</span> <span class='ocrx_word' id='word_1_65' title='bbox 1087 1402 1140 1489; x_wconf 83' lang='lat' dir='ltr'><em>ab</em></span> <span class='ocrx_word' id='word_1_66' title='bbox 1164 1405 1343 1517; x_wconf 75' lang='lat' dir='ltr'><em>occidente</em></span> <span class='ocrx_word' id='word_1_67' title='bbox 1365 1407 1489 1490; x_wconf 87' lang='lat' dir='ltr'><em>ettiu-</em></span> <span class='ocrx_word' id='word_1_68' title='bbox 1613 1403 1624 1415; x_wconf 75' lang='grc'><em>“</em></span> 
     </span>
    </p>

    <p class='ocr_par' dir='ltr' id='par_1_5' title="bbox 220 1527 1494 2168">
     <span class='ocr_line' id='line_1_9' title="bbox 220 1527 1488 1648; baseline 0.002 -32"><span class='ocrx_word' id='word_1_69' title='bbox 220 1537 289 1644; x_wconf 85' lang='lat' dir='ltr'><em>git</em></span> <span class='ocrx_word' id='word_1_70' title='bbox 302 1533 408 1644; x_wconf 86' lang='lat' dir='ltr'><em>regio</em></span> <span class='ocrx_word' id='word_1_71' title='bbox 428 1531 584 1643; x_wconf 84' lang='lat' dir='ltr'><em>Rnfflae</em></span> <span class='ocrx_word' id='word_1_72' title='bbox 599 1544 639 1615; x_wconf 93' lang='lat' dir='ltr'><em>et</em></span> <span class='ocrx_word' id='word_1_73' title='bbox 656 1527 870 1644; x_wconf 80' lang='lat' dir='ltr'><em>Ruiguriae</em></span> <span class='ocrx_word' id='word_1_74' title='bbox 884 1547 922 1621; x_wconf 87' lang='lat' dir='ltr'><em>et</em></span> <span class='ocrx_word' id='word_1_75' title='bbox 946 1533 1133 1646; x_wconf 85' lang='lat' dir='ltr'><em>quidquid</em></span> <span class='ocrx_word' id='word_1_76' title='bbox 1153 1533 1354 1648; x_wconf 81' lang='lat' dir='ltr'><em>christiani.</em></span> <span class='ocrx_word' id='word_1_77' title='bbox 1373 1536 1488 1620; x_wconf 88' lang='lat' dir='ltr'><em>uomi-</em></span> 
     </span>
     <span class='ocr_line' id='line_1_10' title="bbox 228 1659 1486 1783; baseline 0.002 -37"><span class='ocrx_word' id='word_1_78' title='bbox 228 1666 293 1747; x_wconf 84' lang='lat' dir='ltr'><em>uis</em></span> <span class='ocrx_word' id='word_1_79' title='bbox 303 1662 585 1776; x_wconf 77' lang='lat' dir='ltr'><em>prouinciarum</em></span> <span class='ocrx_word' id='word_1_80' title='bbox 605 1663 669 1777; x_wconf 87' lang='lat' dir='ltr'><em>est.</em></span> <span class='ocrx_word' id='word_1_81' title='bbox 746 1663 866 1753; x_wconf 85' lang='lat' dir='ltr'><em>Hunc</em></span> <span class='ocrx_word' id='word_1_82' title='bbox 901 1663 1075 1768; x_wconf 83' lang='lat' dir='ltr'><em>regionis</em></span> <span class='ocrx_word' id='word_1_83' title='bbox 1106 1659 1316 1783; x_wconf 75' lang='lat' dir='ltr'><em>Kophgjuie</em></span> <span class='ocrx_word' id='word_1_84' title='bbox 1344 1664 1486 1750; x_wconf 88' lang='lat' dir='ltr'><em>descri-</em></span> 
     </span>
     <span class='ocr_line' id='line_1_11' title="bbox 226 1791 1486 1908; baseline 0.001 -30"><span class='ocrx_word' id='word_1_85' title='bbox 226 1796 415 1904; x_wconf 89' lang='lat' dir='ltr'><em>ptionem</em></span> <span class='ocrx_word' id='word_1_86' title='bbox 439 1791 647 1898; x_wconf 87' lang='lat' dir='ltr'><em>obscurum</em></span> <span class='ocrx_word' id='word_1_87' title='bbox 661 1793 810 1881; x_wconf 84' lang='lat' dir='ltr'><em>faciunt</em></span> <span class='ocrx_word' id='word_1_88' title='bbox 828 1797 1026 1908; x_wconf 82' lang='lat' dir='ltr'><em>quaedam</em></span> <span class='ocrx_word' id='word_1_89' title='bbox 1046 1794 1234 1890; x_wconf 89' lang='lat' dir='ltr'><em>locorum</em></span> <span class='ocrx_word' id='word_1_90' title='bbox 1253 1799 1391 1908; x_wconf 85' lang='lat' dir='ltr'><em>ignota</em></span> <span class='ocrx_word' id='word_1_91' title='bbox 1410 1817 1486 1879; x_wconf 88' lang='lat' dir='ltr'><em>no·</em></span> 
     </span>
     <span class='ocr_line' id='line_1_12' title="bbox 225 1923 1494 2044; baseline -0.001 -34"><span class='ocrx_word' id='word_1_92' title='bbox 225 1926 357 2029; x_wconf 82' lang='lat' dir='ltr'><em>mina,</em></span> <span class='ocrx_word' id='word_1_93' title='bbox 387 1947 487 2036; x_wconf 82' lang='lat' dir='ltr'><em>quoe</em></span> <span class='ocrx_word' id='word_1_94' title='bbox 506 1925 740 2032; x_wconf 82' lang='lat' dir='ltr'><em>explicunda</em></span> <span class='ocrx_word' id='word_1_95' title='bbox 756 1927 875 2012; x_wconf 92' lang='lat' dir='ltr'><em>nobis</em></span> <span class='ocrx_word' id='word_1_96' title='bbox 896 1923 992 2013; x_wconf 89' lang='lat' dir='ltr'><em>sunt.</em></span> <span class='ocrx_word' id='word_1_97' title='bbox 1051 1923 1113 2034; x_wconf 61' lang='lat' dir='ltr'><em>‚Et</em></span> <span class='ocrx_word' id='word_1_98' title='bbox 1135 1925 1391 2044; x_wconf 85' lang='lat' dir='ltr'><em>primum-ab</em></span> <span class='ocrx_word' id='word_1_99' title='bbox 1419 1951 1494 2009; x_wconf 85' lang='lat' dir='ltr'><em>uu·</em></span> 
     </span>
     <span class='ocr_line' id='line_1_13' title="bbox 228 2047 1486 2168; baseline -0.001 -29"><span class='ocrx_word' id='word_1_100' title='bbox 228 2055 308 2139; x_wconf 87' lang='lat' dir='ltr'><em>stro</em></span> <span class='ocrx_word' id='word_1_101' title='bbox 328 2057 384 2142; x_wconf 90' lang='lat' dir='ltr'><em>est</em></span> <span class='ocrx_word' id='word_1_102' title='bbox 404 2080 511 2140; x_wconf 87' lang='lat' dir='ltr'><em>mere</em></span> <span class='ocrx_word' id='word_1_103' title='bbox 528 2051 698 2148; x_wconf 80' lang='lat' dir='ltr'><em>Coizum,</em></span> <span class='ocrx_word' id='word_1_104' title='bbox 767 2053 1036 2145; x_wconf 87' lang='lat' dir='ltr'><em>Mohammed</em></span> <span class='ocrx_word' id='word_1_105' title='bbox 1056 2047 1307 2164; x_wconf 77' lang='lat' dir='ltr'><em>Alsrugunus</em></span> <span class='ocrx_word' id='word_1_106' title='bbox 1323 2050 1388 2168; x_wconf 80' lang='lat'><em>(2)</em></span> <span class='ocrx_word' id='word_1_107' title='bbox 1406 2055 1486 2139; x_wconf 79' lang='lat' dir='ltr'><em>alii-</em></span> 
     </span>
    </p>

    <p class='ocr_par' dir='ltr' id='par_1_6' title="bbox 223 2180 1583 2951">
     <span class='ocr_line' id='line_1_14' title="bbox 223 2180 1583 2296; baseline 0 -28"><span class='ocrx_word' id='word_1_108' title='bbox 223 2209 303 2296; x_wconf 86' lang='lat' dir='ltr'><em>que</em></span> <span class='ocrx_word' id='word_1_109' title='bbox 320 2185 371 2270; x_wconf 87' lang='lat' dir='ltr'><em>ita</em></span> <span class='ocrx_word' id='word_1_110' title='bbox 386 2202 537 2269; x_wconf 76' lang='lat' dir='ltr'><em>vocant</em></span> <span class='ocrx_word' id='word_1_111' title='bbox 554 2186 679 2270; x_wconf 87' lang='lat' dir='ltr'><em>finum</em></span> <span class='ocrx_word' id='word_1_112' title='bbox 698 2180 948 2293; x_wconf 83' lang='lat' dir='ltr'><em>Arabicum,</em></span> <span class='ocrx_word' id='word_1_113' title='bbox 960 2185 1012 2272; x_wconf 85' lang='lat' dir='ltr'><em>ab</em></span> <span class='ocrx_word' id='word_1_114' title='bbox 1028 2185 1130 2269; x_wconf 81' lang='lat' dir='ltr'><em>vrbe</em></span> <span class='ocrx_word' id='word_1_115' title='bbox 1142 2187 1182 2268; x_wconf 94' lang='lat' dir='ltr'><em>in</em></span> <span class='ocrx_word' id='word_1_116' title='bbox 1200 2187 1336 2271; x_wconf 90' lang='lat' dir='ltr'><em>littore</em></span> <span class='ocrx_word' id='word_1_117' title='bbox 1346 2181 1491 2296; x_wconf 81' lang='lat' dir='ltr'><em>Aegy·</em></span> <span class='ocrx_word' id='word_1_118' title='bbox 1581 2255 1583 2260; x_wconf 95' lang='lat'><em>.</em></span> 
     </span>
     <span class='ocr_line' id='line_1_15' title="bbox 227 2307 1492 2429; baseline 0.002 -31"><span class='ocrx_word' id='word_1_119' title='bbox 227 2314 304 2426; x_wconf 88' lang='lat' dir='ltr'><em>pti,</em></span> <span class='ocrx_word' id='word_1_120' title='bbox 317 2339 417 2426; x_wconf 80' lang='lat' dir='ltr'><em>quoe</em></span> <span class='ocrx_word' id='word_1_121' title='bbox 428 2307 654 2402; x_wconf 83' lang='lat' dir='ltr'><em>Ptolemaei</em></span> <span class='ocrx_word' id='word_1_122' title='bbox 674 2317 729 2402; x_wconf 90' lang='lat' dir='ltr'><em>est</em></span> <span class='ocrx_word' id='word_1_123' title='bbox 744 2314 932 2429; x_wconf 79' lang='lat' dir='ltr'><em>Clysma.</em></span> <span class='ocrx_word' id='word_1_124' title='bbox 962 2367 966 2372; x_wconf 91' lang='lat'><em>·</em></span> <span class='ocrx_word' id='word_1_125' title='bbox 996 2310 1243 2400; x_wconf 79' lang='lat' dir='ltr'><em>Arabfiades</em></span> <span class='ocrx_word' id='word_1_126' title='bbox 1259 2339 1389 2401; x_wconf 81' lang='lat' dir='ltr'><em>nutem</em></span> <span class='ocrx_word' id='word_1_127' title='bbox 1406 2339 1492 2400; x_wconf 84' lang='lat' dir='ltr'><em>mr-</em></span> 
     </span>
     <span class='ocr_line' id='line_1_16' title="bbox 225 2432 1493 2556; baseline -0.002 -24"><span class='ocrx_word' id='word_1_128' title='bbox 225 2471 270 2532; x_wconf 88' lang='lat' dir='ltr'><em>re</em></span> <span class='ocrx_word' id='word_1_129' title='bbox 289 2432 480 2556; x_wconf 80' lang='lat' dir='ltr'><em>Caspium</em></span> <span class='ocrx_word' id='word_1_130' title='bbox 499 2446 613 2538; x_wconf 87' lang='lat' dir='ltr'><em>dicit.</em></span> <span class='ocrx_word' id='word_1_131' title='bbox 677 2447 748 2534; x_wconf 89' lang='lat' dir='ltr'><em>Est</em></span> <span class='ocrx_word' id='word_1_132' title='bbox 768 2453 874 2534; x_wconf 89' lang='lat' dir='ltr'><em>enim</em></span> <span class='ocrx_word' id='word_1_133' title='bbox 891 2443 1025 2534; x_wconf 83' lang='lat' dir='ltr'><em>Arabi</em></span> <span class='ocrx_word' id='word_1_134' title='bbox 1049 2447 1139 2531; x_wconf 88' lang='lat' dir='ltr'><em>huic</em></span> <span class='ocrx_word' id='word_1_135' title='bbox 1165 2444 1395 2548; x_wconf 83' lang='lat' dir='ltr'><em>familiare,</em></span> <span class='ocrx_word' id='word_1_136' title='bbox 1433 2467 1493 2553; x_wconf 78' lang='lat' dir='ltr'><em>ut,</em></span> 
     </span>
     <span class='ocr_line' id='line_1_17' title="bbox 227 2559 1487 2688; baseline 0.003 -29"><span class='ocrx_word' id='word_1_137' title='bbox 227 2559 1487 2688; x_wconf 77' lang='lat' dir='ltr'><em>quodvocabutnmalieniffimum&#39;est-abvsu,idmaximevsur·</em></span> 
     </span>
     <span class='ocr_line' id='line_1_18' title="bbox 225 2699 1493 2822; baseline 0 -32"><span class='ocrx_word' id='word_1_138' title='bbox 225 2725 307 2818; x_wconf 88' lang='lat' dir='ltr'><em>pet.</em></span> <span class='ocrx_word' id='word_1_139' title='bbox 371 2706 605 2796; x_wconf 85' lang='lat' dir='ltr'><em>Bernurdus</em></span> <span class='ocrx_word' id='word_1_140' title='bbox 632 2707 682 2791; x_wconf 78' lang='lat' dir='ltr'><em>dr</em></span> <span class='ocrx_word' id='word_1_141' title='bbox 702 2707 841 2822; x_wconf 85' lang='lat' dir='ltr'><em>Porigi</em></span> <span class='ocrx_word' id='word_1_142' title='bbox 867 2764 881 2816; x_wconf 91' lang='lat'>,</span> <span class='ocrx_word' id='word_1_143' title='bbox 914 2706 928 2821; x_wconf 70' lang='lat' dir='ltr'><em>i</em></span> <span class='ocrx_word' id='word_1_144' title='bbox 937 2704 980 2820; x_wconf 84' lang='lat'><em>3)</em></span> <span class='ocrx_word' id='word_1_145' title='bbox 1005 2699 1193 2818; x_wconf 84' lang='lat' dir='ltr'><em>Angelus</em></span> <span class='ocrx_word' id='word_1_146' title='bbox 1219 2731 1242 2804; x_wconf 76' lang='lat' dir='ltr'>a</span> <span class='ocrx_word' id='word_1_147' title='bbox 1264 2702 1304 2789; x_wconf 86' lang='lat' dir='ltr'><em>S.</em></span> <span class='ocrx_word' id='word_1_148' title='bbox 1318 2703 1493 2815; x_wconf 85' lang='lat' dir='ltr'><em>Iosepho</em></span> 
     </span>
     <span class='ocr_line' id='line_1_19' title="bbox 227 2827 1527 2951; baseline 0.001 -31"><span class='ocrx_word' id='word_1_149' title='bbox 227 2857 270 2921; x_wconf 90' lang='lat' dir='ltr'><em>et</em></span> <span class='ocrx_word' id='word_1_150' title='bbox 290 2835 532 2925; x_wconf 89' lang='lat' dir='ltr'><em>Meninskius</em></span> <span class='ocrx_word' id='word_1_151' title='bbox 551 2833 681 2924; x_wconf 87' lang='lat' dir='ltr'><em>Perfis</em></span> <span class='ocrx_word' id='word_1_152' title='bbox 710 2835 936 2951; x_wconf 88' lang='lat' dir='ltr'><em>Turcisque</em></span> <span class='ocrx_word' id='word_1_153' title='bbox 967 2831 1107 2946; x_wconf 77' lang='lat' dir='ltr'><em>Cuifieu</em></span> <span class='ocrx_word' id='word_1_154' title='bbox 1136 2853 1177 2918; x_wconf 87' lang='lat' dir='ltr'><em>et</em></span> <span class='ocrx_word' id='word_1_155' title='bbox 1205 2827 1362 2918; x_wconf 86' lang='lat' dir='ltr'><em>Coizunr</em></span> <span class='ocrx_word' id='word_1_156' title='bbox 1379 2859 1493 2921; x_wconf 81' lang='lat' dir='ltr'><em>mure</em></span> <span class='ocrx_word' id='word_1_157' title='bbox 1524 2881 1527 2892; x_wconf 93' lang='lat'><em>·</em></span> 
     </span>
    </p>

    <p class='ocr_par' dir='ltr' id='par_1_7' title="bbox 205 2953 1517 3096">
     <span class='ocr_line' id='line_1_20' title="bbox 205 2953 1517 3096; baseline -0.002 -42"><span class='ocrx_word' id='word_1_158' title='bbox 205 2953 209 2960; x_wconf 38' lang='lat'><em>²</em></span> <span class='ocrx_word' id='word_1_159' title='bbox 226 2961 422 3078; x_wconf 81' lang='lat' dir='ltr'><em>Caspium</em></span> <span class='ocrx_word' id='word_1_160' title='bbox 438 2967 580 3054; x_wconf 79' lang='lat' dir='ltr'><em>vocari</em></span> <span class='ocrx_word' id='word_1_161' title='bbox 592 2969 788 3061; x_wconf 74' lang='lat' dir='ltr'><em>testantur,</em></span> <span class='ocrx_word' id='word_1_162' title='bbox 819 2967 1007 3056; x_wconf 80' lang='lat' dir='ltr'>Thomas</span> <span class='ocrx_word' id='word_1_163' title='bbox 1022 2958 1151 3076; x_wconf 89' lang='lat' dir='ltr'><em>Hyde</em></span> <span class='ocrx_word' id='word_1_164' title='bbox 1170 2981 1298 3050; x_wconf 80' lang='lat' dir='ltr'><em>autem</em></span> <span class='ocrx_word' id='word_1_165' title='bbox 1318 2959 1488 3084; x_wconf 80' lang='lat' dir='ltr'><em>(4)Per·</em></span> <span class='ocrx_word' id='word_1_166' title='bbox 1510 3075 1517 3096; x_wconf 29' lang='grc'>1</span> 
     </span>
    </p>

    <p class='ocr_par' dir='ltr' id='par_1_8' title="bbox 179 3093 1676 3603">
     <span class='ocr_line' id='line_1_21' title="bbox 179 3093 1491 3218; baseline 0.001 -39"><span class='ocrx_word' id='word_1_167' title='bbox 179 3163 186 3168; x_wconf 84' lang='grc'>.</span> <span class='ocrx_word' id='word_1_168' title='bbox 225 3093 308 3181; x_wconf 85' lang='lat' dir='ltr'><em>sam</em></span> <span class='ocrx_word' id='word_1_169' title='bbox 326 3097 525 3218; x_wconf 84' lang='lat' dir='ltr'><em>quendum</em></span> <span class='ocrx_word' id='word_1_170' title='bbox 544 3099 758 3209; x_wconf 86' lang='lat' dir='ltr'><em>producit,</em></span> <span class='ocrx_word' id='word_1_171' title='bbox 795 3103 858 3212; x_wconf 89' lang='lat' dir='ltr'><em>qui</em></span> <span class='ocrx_word' id='word_1_172' title='bbox 878 3104 962 3187; x_wconf 89' lang='lat' dir='ltr'><em>eius</em></span> <span class='ocrx_word' id='word_1_173' title='bbox 983 3099 1158 3184; x_wconf 89' lang='lat' dir='ltr'><em>nominis</em></span> <span class='ocrx_word' id='word_1_174' title='bbox 1186 3093 1388 3205; x_wconf 78' lang='lat' dir='ltr'><em>tamquam</em></span> <span class='ocrx_word' id='word_1_175' title='bbox 1415 3098 1491 3180; x_wconf 90' lang='lat' dir='ltr'><em>im-</em></span> 
     </span>
     <span class='ocr_line' id='line_1_22' title="bbox 226 3219 1503 3340; baseline 0.002 -30"><span class='ocrx_word' id='word_1_176' title='bbox 226 3229 356 3336; x_wconf 86' lang='lat' dir='ltr'><em>perite</em></span> <span class='ocrx_word' id='word_1_177' title='bbox 375 3228 530 3313; x_wconf 84' lang='lat' dir='ltr'><em>adhibiti</em></span> <span class='ocrx_word' id='word_1_178' title='bbox 548 3231 686 3330; x_wconf 82' lang='lat' dir='ltr'><em>cauffo,</em></span> <span class='ocrx_word' id='word_1_179' title='bbox 707 3231 963 3340; x_wconf 83' lang='lat' dir='ltr'><em>reprehendit</em></span> <span class='ocrx_word' id='word_1_180' title='bbox 982 3227 1196 3340; x_wconf 82' lang='lat' dir='ltr'><em>populures</em></span> <span class='ocrx_word' id='word_1_181' title='bbox 1218 3221 1318 3309; x_wconf 78' lang='lat' dir='ltr'><em>finos.</em></span> <span class='ocrx_word' id='word_1_182' title='bbox 1382 3219 1503 3312; x_wconf 65' lang='lat' dir='ltr'><em>Gre·</em></span> 
     </span>
     <span class='ocr_line' id='line_1_23' title="bbox 224 3353 1676 3463; baseline 0.003 -25"><span class='ocrx_word' id='word_1_183' title='bbox 224 3357 357 3463; x_wconf 86' lang='lat' dir='ltr'><em>gorius</em></span> <span class='ocrx_word' id='word_1_184' title='bbox 376 3357 616 3443; x_wconf 83' lang='lat' dir='ltr'><em>Malrtiensrs</em></span> <span class='ocrx_word' id='word_1_185' title='bbox 641 3353 794 3446; x_wconf 83' lang='lat' dir='ltr'><em>Coinruu</em></span> <span class='ocrx_word' id='word_1_186' title='bbox 813 3387 934 3446; x_wconf 84' lang='lat' dir='ltr'><em>vocnt</em></span> <span class='ocrx_word' id='word_1_187' title='bbox 955 3359 1133 3446; x_wconf 88' lang='lat' dir='ltr'><em>Pontum</em></span> <span class='ocrx_word' id='word_1_188' title='bbox 1162 3355 1363 3441; x_wconf 84' lang='lat' dir='ltr'><em>Euxinum</em></span> <span class='ocrx_word' id='word_1_189' title='bbox 1392 3391 1400 3442; x_wconf 93' lang='lat'>:</span> <span class='ocrx_word' id='word_1_190' title='bbox 1425 3355 1490 3443; x_wconf 85' lang='lat' dir='ltr'><em>sed</em></span> <span class='ocrx_word' id='word_1_191' title='bbox 1673 3353 1676 3366; x_wconf 89' lang='lat'>&#39;</span> 
     </span>
     <span class='ocr_line' id='line_1_24' title="bbox 227 3477 1492 3603; baseline 0.002 -35"><span class='ocrx_word' id='word_1_192' title='bbox 227 3506 293 3568; x_wconf 82' lang='lat' dir='ltr'><em>out</em></span> <span class='ocrx_word' id='word_1_193' title='bbox 305 3477 528 3597; x_wconf 85' lang='lat' dir='ltr'><em>Gregorius</em></span> <span class='ocrx_word' id='word_1_194' title='bbox 547 3488 586 3572; x_wconf 89' lang='lat' dir='ltr'><em>se</em></span> <span class='ocrx_word' id='word_1_195' title='bbox 597 3485 752 3593; x_wconf 85' lang='lat' dir='ltr'><em>fefellit,</em></span> <span class='ocrx_word' id='word_1_196' title='bbox 765 3515 829 3578; x_wconf 83' lang='lat' dir='ltr'><em>aut</em></span> <span class='ocrx_word' id='word_1_197' title='bbox 840 3493 1019 3603; x_wconf 91' lang='lat' dir='ltr'><em>imperiti</em></span> <span class='ocrx_word' id='word_1_198' title='bbox 1037 3483 1188 3571; x_wconf 82' lang='lat' dir='ltr'><em>scribae</em></span> <span class='ocrx_word' id='word_1_199' title='bbox 1205 3509 1327 3569; x_wconf 85' lang='lat' dir='ltr'><em>manu</em></span> <span class='ocrx_word' id='word_1_200' title='bbox 1345 3483 1492 3571; x_wconf 83' lang='lat' dir='ltr'><em>hocin·</em></span> 
     </span>
    </p>
   </div>
   <div class='ocr_carea' id='block_1_3' title="bbox 226 3613 1512 3742">
    <p class='ocr_par' dir='ltr' id='par_1_9' title="bbox 226 3613 1512 3742">
     <span class='ocr_line' id='line_1_25' title="bbox 226 3613 1512 3742; baseline 0.007 -45"><span class='ocrx_word' id='word_1_201' title='bbox 226 3613 370 3699; x_wconf 89' lang='lat' dir='ltr'><em>sertum</em></span> <span class='ocrx_word' id='word_1_202' title='bbox 397 3615 476 3702; x_wconf 86' lang='lat' dir='ltr'><em>fuit.</em></span> <span class='ocrx_word' id='word_1_203' title='bbox 544 3616 663 3706; x_wconf 85' lang='lat' dir='ltr'><em>Mure</em></span> <span class='ocrx_word' id='word_1_204' title='bbox 696 3615 845 3708; x_wconf 81' lang='lat' dir='ltr'><em>Mrzri</em></span> <span class='ocrx_word' id='word_1_205' title='bbox 877 3647 960 3708; x_wconf 93' lang='lat' dir='ltr'><em>non</em></span> <span class='ocrx_word' id='word_1_206' title='bbox 984 3616 1289 3728; x_wconf 80' lang='lat' dir='ltr'><em>Aegyptiacum</em></span> <span class='ocrx_word' id='word_1_207' title='bbox 1316 3616 1392 3728; x_wconf 89' lang='lat' dir='ltr'><em>est,</em></span> <span class='ocrx_word' id='word_1_208' title='bbox 1424 3617 1512 3742; x_wconf 88' lang='lat' dir='ltr'><em>sed</em></span> 
     </span>
    </p>
   </div>
   <div class='ocr_carea' id='block_1_4' title="bbox 227 3767 1492 3980">
    <p class='ocr_par' dir='ltr' id='par_1_10' title="bbox 227 3761 1492 3980">
     <span class='ocr_line' id='line_1_26' title="bbox 227 3767 1492 3980; baseline 0.022 -98"><span class='ocrx_word' id='word_1_209' title='bbox 227 3793 406 3905; x_wconf 82' lang='lat' dir='ltr'><em>Magnae</em></span> <span class='ocrx_word' id='word_1_210' title='bbox 421 3767 550 3886; x_wconf 79' lang='lat' dir='ltr'><em>Vrbis</em></span> <span class='ocrx_word' id='word_1_211' title='bbox 566 3797 646 3886; x_wconf 86' lang='lat' dir='ltr'><em>srue</em></span> <span class='ocrx_word' id='word_1_212' title='bbox 666 3790 884 3891; x_wconf 88' lang='lat' dir='ltr'><em>CPoleos:</em></span> <span class='ocrx_word' id='word_1_213' title='bbox 918 3830 1012 3894; x_wconf 83' lang='lat' dir='ltr'><em>nom</em></span> <span class='ocrx_word' id='word_1_214' title='bbox 1101 3819 1309 3980; x_wconf 56' lang='lat' dir='ltr'><em>W</em></span> <span class='ocrx_word' id='word_1_215' title='bbox 1364 3813 1492 3910; x_wconf 71' lang='lat' dir='ltr'><em>Men</em></span> 
     </span>
    </p>
   </div>
   <div class='ocr_carea' id='block_1_5' title="bbox 228 3975 1700 4217">
    <p class='ocr_par' dir='ltr' id='par_1_11' title="bbox 228 3975 1700 4217">
     <span class='ocr_line' id='line_1_27' title="bbox 228 3975 1492 4092; baseline 0.028 -40"><span class='ocrx_word' id='word_1_216' title='bbox 228 3993 502 4087; x_wconf 84' lang='lat' dir='ltr'><em>quamcunque</em></span> <span class='ocrx_word' id='word_1_217' title='bbox 528 3975 666 4064; x_wconf 88' lang='lat' dir='ltr'><em>urbem</em></span> <span class='ocrx_word' id='word_1_218' title='bbox 689 4003 866 4092; x_wconf 78' lang='lat' dir='ltr'><em>unguem</em></span> <span class='ocrx_word' id='word_1_219' title='bbox 892 4005 1050 4076; x_wconf 75' lang='lat' dir='ltr'><em>vocunt.</em></span> <span class='ocrx_word' id='word_1_220' title='bbox 1127 3993 1295 4092; x_wconf 80' lang='lat' dir='ltr'><em>Montes</em></span> <span class='ocrx_word' id='word_1_221' title='bbox 1314 3994 1492 4090; x_wconf 83' lang='lat' dir='ltr'><em>Circaffii</em></span> 
     </span>
     <span class='ocr_line' id='line_1_28' title="bbox 557 4107 1700 4217; baseline 0.031 -29"><span class='ocrx_word' id='word_1_222' title='bbox 557 4179 561 4188; x_wconf 92' lang='lat'><em>.</em></span> <span class='ocrx_word' id='word_1_223' title='bbox 742 4146 744 4150; x_wconf 94' lang='lat'>·</span> <span class='ocrx_word' id='word_1_224' title='bbox 820 4109 986 4204; x_wconf 75' lang='lat' dir='ltr'><em>Kkku</em></span> <span class='ocrx_word' id='word_1_225' title='bbox 1339 4107 1340 4114; x_wconf 11' lang='grc' dir='ltr'><strong><em>Ν</em></strong></span> <span class='ocrx_word' id='word_1_226' title='bbox 1430 4131 1492 4217; x_wconf 88' lang='lat' dir='ltr'><em>est</em></span> <span class='ocrx_word' id='word_1_227' title='bbox 1697 4118 1700 4124; x_wconf 34' lang='lat'>⁸</span> 
     </span>
    </p>
   </div>
   <div class='ocr_carea' id='block_1_6' title="bbox 220 4347 1493 4638">
    <p class='ocr_par' dir='ltr' id='par_1_12' title="bbox 220 4347 1493 4638">
     <span class='ocr_line' id='line_1_29' title="bbox 308 4347 1493 4508; baseline 0.027 -65"><span class='ocrx_word' id='word_1_228' title='bbox 308 4411 311 4416; x_wconf 66' lang='lat'><em>,</em></span> <span class='ocrx_word' id='word_1_229' title='bbox 351 4351 419 4474; x_wconf 78' lang='lat' dir='ltr'><em>(o)</em></span> <span class='ocrx_word' id='word_1_230' title='bbox 443 4347 446 4354; x_wconf 40' lang='lat'><strong>⁴</strong></span> <span class='ocrx_word' id='word_1_231' title='bbox 474 4377 516 4473; x_wconf 86' lang='lat' dir='ltr'><em>p.</em></span> <span class='ocrx_word' id='word_1_232' title='bbox 547 4364 621 4476; x_wconf 72' lang='lat'><em>36,</em></span> <span class='ocrx_word' id='word_1_233' title='bbox 685 4363 751 4484; x_wconf 79' lang='lat'><em>(3)</em></span> <span class='ocrx_word' id='word_1_234' title='bbox 792 4365 1045 4464; x_wconf 85' lang='lat' dir='ltr'><em>Voeuiuiurin</em></span> <span class='ocrx_word' id='word_1_235' title='bbox 1077 4373 1249 4470; x_wconf 80' lang='lat' dir='ltr'><em>Iteiiuno</em></span> <span class='ocrx_word' id='word_1_236' title='bbox 1284 4379 1493 4508; x_wconf 82' lang='lat' dir='ltr'><em>Turrheseo</em></span> 
     </span>
     <span class='ocr_line' id='line_1_30' title="bbox 220 4489 1490 4638; baseline 0.028 -66"><span class='ocrx_word' id='word_1_237' title='bbox 220 4501 264 4602; x_wconf 84' lang='lat' dir='ltr'><em>p.</em></span> <span class='ocrx_word' id='word_1_238' title='bbox 297 4489 1153 4620; x_wconf 75' lang='lat' dir='ltr'><em>1321.(4)CommeuturioinR,Abraham</em></span> <span class='ocrx_word' id='word_1_239' title='bbox 1181 4511 1351 4632; x_wconf 82' lang='lat' dir='ltr'><em>Peritsui.</em></span> <span class='ocrx_word' id='word_1_240' title='bbox 1359 4519 1440 4634; x_wconf 61' lang='grc' dir='ltr'><em>μό</em></span> <span class='ocrx_word' id='word_1_241' title='bbox 1447 4539 1490 4638; x_wconf 86' lang='lat'><em>5.</em></span> 
     </span>
    </p>
   </div>
   <div class='ocr_carea' id='block_1_7' title="bbox 1753 4635 2011 4742">
    <p class='ocr_par' dir='ltr' id='par_1_13' title="bbox 1753 4635 2011 4742">
     <span class='ocr_line' id='line_1_31' title="bbox 1753 4635 2011 4742; baseline 0.027 -78"><span class='ocrx_word' id='word_1_242' title='bbox 1753 4651 1835 4742; x_wconf 36' lang='grc' dir='ltr'><em>«χι.</em></span> <span class='ocrx_word' id='word_1_243' title='bbox 2008 4635 2011 4647; x_wconf 89' lang='grc'><strong>’</strong></span> 
     </span>
    </p>
   </div>
   <div class='ocr_carea' id='block_1_8' title="bbox 1704 4989 1766 5040">
    <p class='ocr_par' dir='ltr' id='par_1_14' title="bbox 1704 4989 1766 5040">
     <span class='ocr_line' id='line_1_32' title="bbox 1704 4989 1766 5040; baseline 0.032 -1"><span class='ocrx_word' id='word_1_244' title='bbox 1704 4989 1766 5040; x_wconf 51' lang='lat'><em>«4</em></span> 
     </span>
    </p>
   </div>
   <div class='ocr_carea' id='block_1_9' title="bbox 0 0 2199 5972">
    <p class='ocr_par' dir='ltr' id='par_1_15' title="bbox 0 0 2199 5972">
     <span class='ocr_line' id='line_1_33' title="bbox 0 0 2199 5972; baseline 0 0"><span class='ocrx_word' id='word_1_245' title='bbox 0 0 2199 5972; x_wconf 95' lang='lat' dir='ltr'><em> </em></span> 
     </span>
    </p>
   </div>
  </div>
 </body>
</html>
