4352 5962
703 515 834 640 '376
1077 511 1163 616 on
1191 499 1418 606 nonno
1449 497 1645 598 ursan

733 749 1049 879 pernecessarios
1071 762 1151 844 iam
1178 756 1291 842 obire
1314 779 1399 840 non
1428 751 1561 866 poffit.
1629 747 1764 836 Porto
1782 767 1829 837 ut
1845 778 1903 838 ex
1922 779 2004 841 me-

735 917 993 982 moratorum
1008 889 1215 1002 spirituum
1231 887 1271 970 in
1288 909 1384 990 cor,
1396 885 1577 988 arterias,
1595 881 1793 990 thoracis,
1815 885 1998 991 allamm-

736 1053 813 1139 que
836 1026 1006 1136 partium
1034 1015 1229 1105 musculos
1258 1015 1629 1127 influxibus-quam
1656 1013 1893 1136 naturaliter
1929 1015 2002 1102 else

740 1147 1180 1261 debeat,cclcrioribus,
1192 1148 1425 1262 velociores
1439 1146 1586 1248 ‚cordis
1605 1145 1891 1230 &arteriarum
1911 1171 2001 1228 mo

736 1306 802 1372 tur
822 1350 834 1391 ,
854 1284 1040 1368 crebram
1062 1278 1351 1389 difficilemque
1366 1275 1667 1387 respirationem
1687 1327 1700 1377 ,
1733 1272 2000 1363 musculorum

738 1435 981 1516 tremores,
1016 1412 1337 1519 continentesque
1370 1431 1473 1516 pene
1501 1406 1652 1520 uigilias
1674 1422 1810 1490 enatas
1826 1409 2000 1493 credide·

735 1547 815 1632 rim
858 1573 869 1629 :
936 1539 1003 1628 Sic
1046 1535 1278 1653 inaequales·
1312 1537 1659 1647 uehementesque
1701 1535 1996 1643 membrorum,

737 1699 832 1786 quas
881 1699 959 1758 una
1003 1695 1099 1756 cum
1147 1669 1409 1778 temporariis
1468 1669 1612 1752 mentis
1659 1669 1995 1755 commotionibus

737 1829 891 1919 egram
929 1827 1011 1887 non
1051 1801 1171 1887 semel
1197 1797 1279 1887 hoc
1325 1801 1373 1882 'in
1398 1796 1547 1883 morbo
1575 1795 1773 1908 excepisle
1809 1818 1911 1884 ante
1942 1825 1995 1885 rt-

736 1937 834 2040 tuli,
872 1933 1165 2046 coagitationes
1188 1955 1240 2014 ex
1257 1920 1528 2035 diffimilibus,
1553 1924 1995 2041 praecipitibusqueillo

735 2089 831 2150 rum
848 2053 1024 2178 ipsorum
1039 2061 1244 2174 spirituum
1280 2057 1462 2145 motibus
1484 2079 1651 2146 exortas
1677 2058 1788 2166 else,
1817 2061 1995 2148 catuna

735 2195 834 2286 rim.
916 2187 995 2280 Sed
1025 2193 1115 2279 illud
1140 2189 1382 2304 potissumum
1396 2189 1640 2303 interrogari
1659 2213 1730 2274 me
1749 2189 1995 2304 elegentibus

737 2318 856 2436 poss'e
880 2319 1035 2407 sentio:
1066 2324 1133 2434 qui
1149 2321 1235 2408 fieri
1249 2339 1392 2434 queat,
1415 2320 1627 2409 utiuuenis
1646 2317 1734 2404 haec
1752 2323 1830 2425 ‚dc
1850 2324 1995 2412 tamdiu

737 2453 822 2539 fine
843 2455 925 2538 ullo
948 2455 1115 2537 omnino
1144 2454 1332 2556 alimento
1360 2453 1536 2560 uixerit,
1560 2453 1602 2539 δι
1619 2445 1704 2536 solo
1722 2447 1910 2562 liquoris,
1944 2451 1993 2539 de

739 2583 891 2694 dequo
912 2584 1026 2694 lupra
1049 2604 1317 2670 memoratum
1344 2584 1401 2671 est
1419 2624 1444 2685 ·‚
1483 2601 1581 2694 potu
1598 2581 1730 2667 'uitam
1752 2599 1817 2668 tot
1840 2581 1995 2670 menses

739 2715 905 2800 traxerit
923 2765 936 2815 ,
956 2713 996 2797 in
1018 2712 1222 2826 prasentia
1244 2718 1365 2822 etiam
1391 2713 1620 2802 sustineatur
1637 2703 1656 2797 3
1676 2708 1834 2830 Quibus
1847 2735 1924 2825 pro
1939 2717 1994 2799 iu·

738 2848 840 2960 genii
860 2844 943 2930 mei
960 2843 1132 2928 modulo
1158 2841 1381 2956 respondeo
1404 2873 1415 2930 :
1442 2871 1533 2931 earn
1556 2867 1640 2928 non
1668 2847 1800 2931 multo
1822 2842 1928 2930 secus
1950 2867 1994 2934 ac

737 2956 887 3086 uipera
907 2975 947 3058 in
964 2973 1099 3060 uitreis
1115 2969 1278 3059 vasculis
1294 3000 1395 3060 uere
1405 3031 1418 3081 ‚
1440 2975 1594 3078 aestate,
1608 2990 1727 3083 atque
1744 2993 1933 3062 autumno
1941 2975 1994 3062 in-

739 3100 878 3208 clusae,
905 3100 1119 3222 senpotius
1134 3105 1338 3189 terrestres
1357 3104 1537 3190 cochleae
1560 3123 1717 3217 partem
1739 3105 1993 3210 autumante-

702 3309 707 3314 .
737 3256 896 3345 tamque
914 3233 1105 3344 hyemem
1122 3233 1164 3316 in
1191 3237 1351 3348 opertis
1371 3237 1547 3322 teliaceis
1570 3233 1837 3323 tabernaculis
1854 3237 1931 3322 line
1951 3261 1990 3322 o

737 3363 822 3450 mni
839 3355 954 3476 plane
970 3361 1055 3449 esca
1072 3365 1251 3451 uiuentes
1266 3365 1386 3452 vitam
1404 3367 1586 3468 trahere,
1602 3365 1991 3454 uetifimillimumes

680 3545 683 3552 ν
737 3495 788 3606 se.
853 3493 1045 3606 Namque
1075 3497 1335 3581 &continuo
1370 3497 1473 3584 iacet
1486 3500 1527 3582 in
1549 3485 1718 3603 leuulo,
1737 3497 1994 3585 &visibilium

737 3625 956 3711 humorum
979 3651 1084 3735 pene
1108 3623 1204 3709 nibil
1232 3627 1422 3719 excetnit.
1504 3626 1674 3714 Monate
1713 3653 1816 3714 uero
1852 3631 1995 3742 exigna
2038 3655 2042 3664 ’

738 3751 995 3864 corpuscula,
1029 3776 1115 3840 tum
1135 3781 1209 3868 per
1217 3755 1422 3843 inuisibilia
1447 3757 1544 3844 cutis
1564 3753 1790 3864 foramina,
1819 3776 1908 3844 tum
1923 3783 1995 3869 per

660 3957 663 3965 .
736 3909 786 3972 os
805 3907 859 3968 ex
875 3885 1144 3996 pulmonibus,
1172 3907 1215 3971 ut
1231 3890 1398 3973 omnino
1415 3909 1562 3995 negate
1580 3883 1663 3972 non
1680 3889 1827 3996 ausam,
1856 3887 1910 3975 lic
1925 3915 1995 3975 eo-

735 4041 822 4105 rum
854 4015 1376 4126 corpusculorum‚speciem
1410 4041 1606 4130 vaporum
1638 4017 1998 4125 habentium,haud

736 4149 900 4232 multum
917 4147 1136 4234 admodum
1154 4146 1239 4234 hoc
1257 4151 1298 4234 in
1316 4147 1471 4235 morbo
1495 4169 1612 4234 extra
1637 4171 1786 4262 corpus
1809 4144 1921 4240 seni:
1946 4175 1994 4238 ex

736 4275 898 4362 summac
920 4277 1041 4380 tabis,
1056 4275 1207 4364 sudoris
1225 4280 1266 4363 in
1282 4281 1463 4366 universa
1479 4275 1610 4362 ferme
1628 4299 1716 4366 cute
1734 4276 1994 4371 absentiam-

736 4406 848 4490 xime
878 4405 1088 4509 probabile
1115 4405 1267 4493 censeo.
1344 4408 1681 4530 Quandoquidem
1711 4413 1842 4522 itaque
1869 4412 1998 4500 iacens

734 4534 835 4623 haud
854 4533 1052 4674 infigniter
1070 4557 1261 4646 tenuatur,
1284 4545 1439 4651 paulum
1453 4539 1675 4636 admodtun
1697 4562 1891 4638 mouetur
1912 4609 1926 4653 ,
1956 4547 1995 4629 dc

1616 4703 1618 4708 ·
1912 4673 1992 4762 uisu
