4386 5980
643 371 646 376 ’
695 429 798 559 44⁶
852 461 856 470 «
1138 417 1450 516 oraturo

699 623 823 720 casus.
892 621 961 714 At
983 617 1146 714 Arabes
1173 627 1276 712 hanc
1303 611 1446 712 vrbem
1469 619 1574 712 haud
1596 617 1679 710 sere
1706 620 1818 713 aliter
1843 643 1965 736 quam

698 763 824 874 reteri
838 757 1008 843 nomine
1031 755 1288 847 Babolabuab
1302 811 1314 860 ,
1327 770 1475 872 portam
1487 769 1694 871 portarum
1714 775 1960 868 nuncupant,

695 889 895 1002 inquibus
919 881 1223 976 Naffireddinus
1244 886 1423 975 Tusaeus
1441 909 1480 974 et
1508 885 1748 999 Vlugbegus
1773 885 1969 973 Tartarus

680 1003 791 1126 *eam
825 1023 1080 1132 longitudinis
1127 1041 1168 1104 et
1205 1019 1418 1124 latitudims
1478 1017 1761 1103 dimenfionem
1793 1037 1961 1128 ponunt,

698 1178 801 1261 quae
834 1151 957 1238 adhuc
992 1149 1203 1240 Derbento
1224 1173 1370 1236 eorum
1396 1150 1631 1236 auctoritate
1653 1151 1693 1232 in
1722 1146 1863 1234 tabulis
1890 1149 1959 1235 tri·

694 1283 845 1371 buitur.
1044 1300 1049 1306 '
1995 1294 1997 1300 ’

801 1409 1013 1528 Quoniam
1029 1407 1140 1496 illum
1161 1409 1263 1497 adeo
1288 1408 1489 1496 celebrem
1517 1432 1709 1521 aggerem
1727 1403 1806 1492 suis
1832 1403 1966 1518 spatiis
2046 1513 2054 1524 ⁸

698 1553 741 1625 et
755 1541 981 1652 regionibus
996 1541 1272 1648 definiuimus,
1298 1543 1354 1626 de
1376 1566 1428 1627 eo
1447 1549 1705 1650 quaeramus,
1739 1537 1849 1648 quod
1868 1541 1957 1649 opi·
2019 1601 2024 1614 .

700 1670 882 1762 nionibus
905 1693 947 1755 et
967 1672 1215 1770 sermonibus
1243 1659 1489 1758 orientalium
1503 1672 1747 1780 populorum
1768 1671 1962 1781 vulgatur,

701 1799 982 1886 Alexandrum
1003 1801 1201 1916 Magnum
1217 1805 1418 1888 austorem
1431 1803 1765 1908 conditoremque
1779 1800 1860 1881 eius
1880 1825 1964 1884 mu.

700 1925 846 2017 ri'elle.
914 1927 1017 2042 Non
1040 1955 1144 2041 opus
1165 1931 1245 2036 eli,
1270 1954 1317 2017 at
1338 1953 1698 2030 tornmoueamur,
1728 1953 1822 2011 cum
1838 1951 1963 2014 rotte-

703 2059 778 2146 stes
796 2055 979 2179 Arabas,
1009 2059 1166 2167 Persas,
1190 2058 1386 2148 Tartarus
1403 2087 1474 2146 nos
1495 2059 1778 2160 circumfrstere
1801 2078 1965 2164 etnge·

701 2215 747 2274 re
772 2189 988 2276 videmus·
1031 2176 1149 2275 Nam
1169 2193 1259 2278 fieri
1278 2191 1393 2278 aliter
1416 2214 1499 2275 non
1517 2189 1672 2301 potest,
1706 2213 1829 2299 quam
1848 2211 1891 2275 ut
1909 2185 1964 2272 sa-

704 2319 901 2425 bulentur,
926 2346 1019 2407 cum
1038 2319 1320 2412 Mahometem
1339 2319 1445 2406 suum
1467 2315 1962 2430 seqrruntur,sabulatorem

702 2447 905 2536 inficetum
923 2468 965 2533 et
991 2450 1220 2541 ridiculum.
1288 2444 1511 2557 Gregorius
1535 2448 1779 2540 Malatiensrs
1806 2448 1961 2558 quidem

704 2603 729 2662 e
749 2575 1021 2663 Iacobitarum
1039 2577 1137 2667 sessa
1165 2579 1429 2693 Maphrianus
1450 2580 1550 2686 suit,
1581 2579 1647 2663 sed
1668 2599 1715 2664 et·
1736 2580 1767 2664 is
1789 2581 1961 2664 adulatus

705 2707 763 2794 est
788 2707 1360 2824 Mahumetanis,quocumque
1379 2714 1511 2820 potuit
1548 2709 1741 2832 iqloco,
1773 2705 1963 2822 usquead
2077 2769 2080 2776 »

706 2838 990 2949 nrrpitudinem
1015 2859 1056 2925 et
1083 2861 1237 2928 tantum
1260 2869 1342 2929 non
1368 2839 1442 2927 suit
1468 2845 1551 2927 eius
1576 2839 1778 2946 iudicium,
1812 2860 1855 2924 vt
1879 2839 1966 2926 satis

704 2964 847 3072 sciret,
878 2969 970 3082 quid
983 2965 1121 3072 distent
1143 2963 1243 3057 arra
1268 2971 1422 3087 lupinis.
1491 2969 1746 3058 Mahometes
1775 2990 1907 3058 autem
1926 2971 1967 3054 in

599 3211 603 3222 ,
706 3091 850 3184 Surata
870 3097 1039 3210 XVIII.
1076 3103 1130 3185 ita
1160 3098 1322 3194 scenam
1344 3102 1511 3188 instruit:
1558 3097 1873 3214 Dulltarnainum
1914 3126 1967 3187 ex

423 3247 429 3262 ·
572 3289 579 3306 ,
706 3229 899 3314 mandato
917 3229 996 3315 Dei
1017 3227 1270 3344 'progressum
1290 3230 1475 3343 usquead
1502 3256 1591 3316 eum
1618 3233 1770 3337 locum,
1786 3232 1854 3316 ubl
1879 3233 1960 3341 pri-

707 3362 822 3442 mum
844 3355 899 3440 sol
923 3359 1074 3463 oritur,
1099 3363 1190 3446 inde
1211 3360 1515 3473 prosequentem
1546 3362 1621 3445 iter
1645 3362 1746 3448 intra
1771 3359 1872 3448 duos
1899 3387 1965 3446 re·
2050 3413 2053 3418 -

707 3489 800 3572 nisse
818 3509 1003 3594 montes,
1036 3492 1141 3577 intra
1161 3485 1264 3601 quos
1282 3495 1438 3602 populi,
1465 3491 1617 3592 nescio,
1650 3479 1738 3602 qui‚'
1759 3517 1854 3578 eum
1870 3516 1963 3576 exo-

707 3615 911 3722 rauerint‚
942 3640 988 3703 rt
1007 3617 1045 3704 se
1065 3641 1209 3706 contra
1227 3613 1391 3734 Gogutn
1419 3645 1458 3708 et
1485 3623 1713 3733 Magogum
1740 3619 1965 3708 defenderet
2063 3647 2071 3658 ·

577 3859 582 3868 ¹
710 3745 829 3832 dudio
851 3771 1018 3854 aggere:
1046 3752 1150 3834 illum
1179 3775 1275 3836 vero
1290 3765 1371 3862 ope
1389 3749 1703 3835 eornmserrum
1723 3752 1964 3865 liquesasium

695 3871 761 3962 ad
782 3901 937 3960 murum
961 3880 1269 3964 construendum
1292 3881 1518 3984 adhibuisse,
1552 3882 1799 3969 uatitInatum
1815 3903 1963 3992 praete

710 4031 805 4110 rea,
840 4003 927 4090 sore
947 4010 1187 4120 aliquando,
1225 4010 1428 4122 superante
1446 4003 1574 4122 Gogo
1600 4031 1640 4094 et
1663 4013 1847 4124 Magogo
1871 4036 1958 4096 mu-

657 4176 661 4182 ⁴
710 4159 871 4239 rum,ut
888 4135 1019 4239 ferrea
1035 4142 1101 4224 illa
1119 4144 1248 4228 moles
1272 4142 1311 4225 in
1327 4145 1484 4225 eineres
1510 4134 1685 4232 subsidat,
1753 4122 1862 4260 Quid
1876 4140 1965 4226 huic

711 4262 869 4348 homini
886 4262 1022 4354 saclas?
1060 4273 1269 4378 Elephanti
1280 4272 1393 4356 corio
1413 4268 1963 4376 circumtentussuit,nonsuo.

711 4392 878 4486 Interim
896 4394 1147 4483 assentatores
1170 4403 1253 4488 eius
1281 4401 1377 4487 illud
1405 4396 1635 4516 Artotrogi
1662 4400 1874 4490 mussitasse
1897 4405 1960 4486 ri-

1641 4555 1649 4564 ·
1867 4531 1967 4618 den·
