4298 5952
342 529 347 536 .
415 511 421 522 .
472 589 479 602 ¹
612 448 995 548 mantuana.
1364 481 1472 584 277

175 765 179 772 -
199 705 317 797 uonts
333 697 565 820 phyliratio
580 702 697 810 esset,
723 703 983 795 minimeistis
996 693 1235 819 ambagibus
1248 729 1352 822 opus
1372 708 1466 801 suis-

199 836 274 928 set,
303 843 324 926 ,.’
347 837 480 944 ltaque
497 833 677 944 suppono
693 803 863 946 cirylum
887 839 948 945 qui
966 862 1018 921 ex
1034 835 1220 922 intestinis
1259 840 1469 928 successuro
1548 829 1555 838 ⁸

149 1075 152 1082 ἢ
199 967 289 1052 vasa
310 964 754 1075 chyiferaingrediuu
792 965 1096 1076 homogeneum
1127 965 1189 1049 seu
1218 969 1384 1056 similem
1420 973 1466 1058 sr-
1603 1031 1607 1036 -

201 1093 243 1180 bi
261 1121 344 1179 non
370 1091 450 1180 else
479 1087 660 1204 adeoque
687 1096 729 1179 in
742 1097 909 1178 vasculis
931 1095 1003 1180 illis
1017 1099 1238 1179 maximam
1263 1097 1371 1208 chyli
1394 1099 1467 1186 dif-

200 1223 534 1334 ferentiamdari,
567 1227 661 1334 quia
683 1226 775 1312 dum
794 1225 930 1330 chylus
947 1226 988 1308 in
1011 1225 1189 1310 intestinis
1217 1226 1461 1334 elaboratur,

200 1356 281 1440 aliae
300 1355 341 1436 ἃ
359 1351 444 1436 aliae
466 1354 664 1461 particulae
682 1354 803 1439 uariae
833 1352 981 1438 indolis
1004 1355 1243 1440 extricantur
1264 1413 1276 1463 ,
1313 1386 1401 1471 quae
1422 1385 1474 1444 ο*

198 1487 446 1591 mancipata:
464 1481 811 1590 avolant,vas1sque
827 1479 1020 1590 chyliseris
1036 1479 1243 1567 successive
1255 1507 1465 1598 transpor-

197 1631 336 1698 tantur
356 1637 369 1721 ;
394 1611 448 1697 Et
462 1609 546 1694 hoc
563 1595 717 1724 quidem
741 1613 916 1719 ‘eousque
933 1635 1015 1694 non
1031 1613 1181 1696 malum
1201 1639 1266 1698 aut
1286 1619 1459 1722 damno-

194 1739 282 1827 sum
298 1735 375 1825 etse
392 1736 569 1842 videtin,
597 1741 785 1856 quamdiu
794 1737 934 1820 scilicet
944 1737 1043 1820 valis
1059 1737 1185 1823 adbuc
1204 1725 1464 1854 vehiturchy-

195 1867 321 1956 liseria
341 1895 355 1979 ς
391 1862 508 1950 Sedti
524 1867 663 1974 chylus
680 1866 747 1952 sub
764 1886 829 1952 tot
848 1865 1051 1951 cdntrariis
1065 1865 1209 1952 formis
1224 1872 1358 1956 mall'ae
1375 1871 1458 1958 sau·

197 1999 347 2112 guineoe
366 1995 583 2104 ingeritur,
613 2017 698 2082 tum
713 1999 767 2080 ita
786 2015 917 2080 tutum
941 2018 1026 2103 non
1052 1997 1216 2107 anplius
1233 1999 1290 2084 est
1318 2051 1331 2102 ‚
1366 2025 1465 2110 quo·

196 2111 310 2212 niani
326 2125 584 2234 duplexinde
600 2123 746 2210 malum
764 2123 934 2234 subsequi
954 2117 1085 2233 poteli'
1112 2180 1125 2230 ,
1159 2127 1223 2210 vel
1241 2130 1352 2213 enim
1367 2155 1459 2240 par·
1503 2139 1506 2146 “

196 2255 331 2340 ticulae
361 2253 515 2342 divisim
542 2250 713 2366 sanguini
744 2252 940 2338 immixtae
968 2253 1087 2337 nimis
1123 2255 1372 2346 dissociantur
1413 2283 1465 2344 ac

195 2367 432 2468 divelluntur
451 2382 571 2485 adeo,
603 2402 753 2503 praeter
780 2403 931 2466 naturae
958 2380 1200 2489 confilium,
1223 2402 1268 2470 ut
1285 2386 1350 2472 uel
1367 2411 1463 2472 nun.

195 2537 315 2624 quam
343 2512 407 2598 uel
427 2510 643 2596 tardillnne
678 2513 891 2596 innexum
923 2513 1236 2626 convenientem,
1253 2516 1462 2622 pervenire

176 2657 339 2754 'queant
372 2696 387 2746 ‚
421 2639 488 2724 rel
501 2639 705 2751 particulae
722 2639 774 2726 lic
791 2639 1016 2744 dissociatae,
1039 2642 1225 2726 tumultus
1244 2645 1285 2728 dt
1305 2663 1460 2755 pertur.

44 2784 49 2795 '
196 2771 376 2856 bationes
390 2771 603 2875 excitant,
644 2795 739 2879 quas
766 2768 922 2854 servato
949 2768 1111 2853 uinculo
1137 2773 1266 2854 minus
1282 2771 1458 2862 suscitare
1512 2837 1515 2844 ⁴

105 2981 108 2990 ,
193 2901 419 2987 valuissent.
483 2896 794 3014 Quamobrem,
814 2916 856 2982 ut
869 2921 937 2980 me
950 2897 1202 3007 expediam,
1224 2900 1338 3010 situs,
1380 2929 1453 2986 nu-

155 3013 162 3028 ’
194 3054 356 3132 merus,
391 3045 601 3113 contextus
621 3026 907 3143 chylilerorum
930 3077 942 3128 ‚
965 3025 1118 3132 verbo,
1151 3028 1401 3142 singulaque
1417 3035 1456 3116 in

84 3253 86 3258 ¹
192 3149 358 3268 praesata
375 3153 630 3263 dispositione
645 3177 892 3260 occurrunt,
916 3153 1006 3240 nihil
1025 3155 1127 3239 aliud
1146 3183 1262 3267 quam
1279 3161 1457 3271 pruden-

191 3304 279 3372 tem
312 3285 574 3396 exustumque
600 3285 942 3370 commixtionem
969 3283 1189 3395 significare
1212 3289 1396 3372 uidentur
1435 3321 1447 3378 t

191 3414 408 3500 contrariis
425 3415 532 3499 enim
548 3434 731 3498 monium
746 3411 1031 3499 directionibus·
1047 3412 1273 3525 crebrisque
1299 3417 1452 3502 anasto-

191 3544 372 3630 mosrbus
387 3539 452 3625 hic
470 3542 774 3628 occurrentibus
789 3541 1010 3626 necelieest
1039 3597 1051 3645 ,
1093 3559 1137 3626 ut
1156 3543 1266 3652 chyli
1283 3546 1454 3654 particu.
1587 3657 1590 3664 ²
1646 3619 1651 3628 .

192 3675 243 3760 1ae
261 3672 402 3758 orillies
443 3671 579 3757 locum
612 3691 796 3773 mutent,
829 3667 961 3778 suique
980 3673 1129 3782 generis
1147 3669 1455 3781 'partialium-

76 3909 81 3916 ,
118 3792 148 3861 .'
191 3804 297 3887 viam
315 3801 506 3906 veniam,
540 3801 666 3909 iisque
680 3801 915 3884 maritentur
940 3849 952 3900 ,
984 3825 1029 3884 ac
1044 3799 1176 3907 probe
1199 3805 1300 3888 inter
1325 3801 1363 3888 se
1380 3803 1453 3886 mi-
1551 3797 1553 3800 ’

190 3928 398 4036 stennon,
430 3947 637 4040 antequam
654 3929 874 4014 libertatem
901 3925 1109 4023 obtineant
1130 3925 1342 4042 effugiendi
1368 3957 1455 4017 ver·

188 4061 249 4144 las
264 4058 355 4146 loca
371 4057 577 4166 destinata,
604 4058 683 4144 boc
700 4057 778 4169 est,
801 4057 1100 4168 receptactdum
1114 4059 1155 4143 dt
1179 4059 1340 4146 ductum
1355 4053 1448 4146 Pec-

190 4187 308 4302 φωτὶ
367 4285 372 4294 ,
687 4289 691 4294 ,

309 4313 569 4434 Quamquam
584 4317 714 4406 uersus
730 4315 1031 4426 receptaculum
1047 4317 1088 4402 dt
1102 4310 1454 4432 dut'tum'Petquett‘
1497 4327 1500 4344 '

187 4468 357 4540 omnem
371 4446 532 4558 thylum
550 4448 802 4540 contendere
817 4467 965 4532 uerum
985 4469 1032 4532 ac
1048 4446 1253 4534 indubium
1269 4447 1340 4556 stt,
1359 4470 1453 4532 mo·

750 4575 911 4686 Mm3
956 4670 961 4678 ,
1378 4573 1452 4659 dus
