4376 5952
432 529 451 559 ”
497 509 548 595 ““
678 543 744 702 30‘
1059 565 1157 665 on
1196 563 1565 669 nunaunt

669 812 822 900 ritatem
839 833 1021 916 naneae,
1054 803 1125 896 ubi
1143 833 1218 922 per
1234 805 1479 895 uocabulum
1496 802 1593 914 uis,
1629 822 1694 896 aut
1714 802 1775 900 tia
1795 805 1934 904 ailina

670 941 905 1054 inpraesenti
932 940 1142 1052 quaestione
1165 935 1382 1025 neceiiario
1400 938 1619 1052 intelligere
1639 940 1818 1030 debuerit
1838 944 1927 1032 Im..

609 1072 612 1088 '
666 1087 795 1186 petam
813 1093 883 1157 aut
897 1073 977 1156 uim
993 1066 1225 1183 impulsivam
1243 1083 1284 1154 et
1303 1069 1507 1155 relativam
1517 1085 1717 1184 corporum
1727 1088 1928 1175 motorum,

674 1199 1016 1314 Sedsrquicqnam
1031 1199 1139 1286 aliud
1155 1197 1241 1284 haec
1257 1197 1327 1290 Cl.
1344 1193 1606 1309 Opponentis
1616 1199 1815 1288 accusatio
1833 1203 1935 1316 lepi-

675 1330 849 1416 damini
872 1331 1029 1417 videtur
1054 1359 1069 1435 ·,
1108 1329 1268 1416 assumit
1295 1329 1405 1442 enim
1423 1335 1532 1438 quod
1550 1330 1774 1420 Leibnitius
1792 1330 1932 1422 secum
1977 1369 1979 1380 ·

675 1459 837 1565 sentiat,
871 1461 1028 1572 quando
1042 1457 1233 1571 supponit
1253 1457 1363 1570 quod
1371 1455 1596 1546 Leibnitius
1620 1461 1836 1548 dentibus
1859 1464 1925 1550 lo-
2045 1477 2053 1492 ·

492 1669 496 1676 .
676 1611 795 1680 cutus.
814 1590 855 1674 in
871 1592 920 1675 iis
939 1589 1044 1675 locis
1061 1615 1151 1701 quae
1170 1591 1404 1702 citauit,per
1422 1585 1504 1674 hoc
1520 1590 1766 1676 uocabulum
1778 1595 1922 1680 intelli-

611 1797 615 1806 .
674 1740 749 1828 gut
767 1721 965 1830 impetum
985 1719 1049 1804 seu
1067 1721 1322 1830 quantitatem
1337 1737 1503 1824 motus,
1531 1740 1577 1806 ut
1590 1721 1783 1833 deinceps
1809 1723 1933 1833 quaeri

676 1845 809 1960 poffet
823 1849 874 1932 de
891 1847 1217 1964 contraditiiqne
1231 1854 1273 1935 &
1287 1843 1543 1957 continuone,
1568 1857 1663 1935 e'urn
1672 1850 1724 1935 ab
1745 1848 1832 1960 ipso
1852 1853 1930 1938 dit-

674 1977 799 2063 sentit.
865 1974 946 2062 Sed
962 1977 1118 2063 nulium
1137 1978 1219 2068 Vir
1231 1978 1355 2065 ooo.
1373 1979 1770 2065 memorabitlocum
1788 1978 1830 2064 in
1849 2002 1931 2091 quo

677 2104 895 2198 Leibnitius
909 2134 984 2220 per
1001 2108 1088 2192 uim
1110 2108 1285 2194 affluam
1302 2131 1425 2220 quam
1446 2107 1485 2192 in
1511 2105 1696 2195 universo
1712 2105 1925 2210 conserta,-

678 2239 713 2323 ti
732 2235 886 2341 statuit,
921 2240 1183 2347 quantitatem
1205 2255 1338 2318 motus
1354 2237 1421 2317 seu
1440 2235 1639 2344 impetum
1665 2237 1928 2352 intellexerit;

677 2363 768 2450 imo
790 2364 1038 2449 contrarium
1068 2385 1120 2444 ex
1134 2360 1204 2480 iilo
1225 2357 1313 2471 ipso
1331 2357 1463 2444 elucet
1484 2412 1497 2464 ,
1522 2363 1644 2472 'quod
1675 2366 1932 2471 quantitatem
2009 2409 2015 2418 ·

674 2513 815 2580 motus
841 2494 1112 2594 mutabilem,
1152 2491 1415 2601 quantitatem
1451 2513 1551 2574 vero
1586 2491 1736 2575 virium
1761 2489 1933 2577 eandem

680 2621 839 2734 semper
856 2649 1042 2726 manere5
1071 2619 1249 2731 probare
1265 2617 1512 2708 conanusest.
1577 2617 1669 2709 Hac
1697 2642 1802 2731 ergo
1824 2621 1866 2706 in
1883 2648 1930 2710 re

680 2752 758 2838 fibi
786 2753 857 2862 ipsr
877 2752 1097 2840 Leibnitius
1123 2773 1205 2833 non
1224 2747 1467 2833 contradixit
1482 2743 1549 2833 sed
1565 2745 1633 2840 Cl.
1655 2742 1933 2860 Antagonista

635 2885 637 2892 ‘
682 2872 940 2993 praejudicata
958 2883 1148 2991 opinione
1161 2878 1353 2990 abreptus
1359 2875 1587 2994 principium
1598 2876 1728 2990 petiit.
1790 2876 1932 2994 Pergit

679 3010 869 3118 deinceps
889 3007 938 3092 A
968 3008 1172 3110 dicendo,
1217 3010 1259 3094 id
1281 3007 1382 3122 qaod
1394 3002 1481 3090 Da.
1496 3003 1683 3094 Leibnt'tia
1704 3000 1932 3117 occasionem

546 3185 550 3208 ··
681 3135 785 3248 dqdit
795 3133 869 3246 fibi
892 3136 1161 3224 cantradt'amdt'
1188 3137 1279 3253 est,
1311 3137 1413 3251 qaod
1431 3153 1507 3251 per
1530 3163 1696 3224 errorem
1717 3133 1934 3252 Parasopm

672 3263 835 3386 prorsas
853 3266 1061 3378 iudignum,
1087 3266 1169 3352 uim
1182 3265 1426 3382 impulsivam,
1454 3287 1498 3353 ut
1511 3263 1700 3354 Clarkius
1716 3268 1931 3378 loquitur,
2019 3363 2023 3370 ,

679 3397 885 3506 animarit
913 3413 988 3510 per
1011 3398 1265 3512 quantitatem
1291 3396 1465 3481 materia
1488 3408 1529 3481 et
1542 3394 1659 3510 spatii
1680 3398 1782 3509 quoa
1805 3396 1937 3486 mobile
2103 3481 2111 3500 ς

678 3525 1072 3640 ascmdmdoconficit,
1087 3523 1243 3641 sepastta
1264 3523 1544 3643 consonatione
1568 3527 1757 3639 temporis
1772 3553 1844 3641 qao
1860 3553 1929 3616 as·

683 3651 882 3768 censutfit.
952 3651 1480 3763 Sediiuerasunt3quaein
1522 3649 1586 3759 ii.
1621 3675 1696 3765 15,
1740 3652 1930 3764 16,'1'7.

550 3815 576 3846 -ν
683 3782 916 3892 apodictico
933 3780 1220 3884 demonstrati,
1255 3781 1363 3891 quod
1380 3776 1570 3864 mensurae
1590 3781 1743 3866 uirium
1758 3783 1929 3872 fintalti-

684 3913 843 4002 tudines
863 3910 914 3997 ad
928 3934 1025 4021 quas
1044 3932 1225 4020 corpora
1243 3912 1460 4021 pervenire
1473 3907 1630 4019 poss'unt
1648 3910 1773 3996 tune
1788 3911 1832 3994 in
1849 3917 1946 4000 vim

684 4043 916 4154 gravitatis,
937 4038 1090 4127 nullum
1108 4062 1313 4145 errorem,
1346 4037 1700 4152 nedumtaiemqui
1715 4035 1929 4132 omniPhi·

687 4169 860 4282 losopho
875 4172 1057 4282 indignus
1068 4169 1130 4276 fit,
1146 4165 1355 4285 Leibttitiut
1363 4167 1526 4255 admifit

801 4321 871 4413 19·
906 4298 1116 4417 Quantum
1140 4297 1192 4382 ad
1208 4297 1304 4384 iliud
1326 4300 1481 4404 attinet,
1509 4298 1623 4404 quod
1644 4299 1770 4388 ooo.
1795 4293 1937 4390 Anta-'

688 4429 841 4545 genista
860 4427 1007 4534 habet,
1039 4449 1109 4512 nm
1123 4441 1259 4540 parum
1276 4453 1406 4514 amara
1422 4426 1718 4516 Leibnitiumin
1744 4453 1810 4536 eo,
1836 4426 1940 4545 qaod
1967 4491 1970 4499 ι

683 4571 802 4674 patet
817 4553 1086 4674 &Cartestanis
1101 4554 1313 4670 acreliquis
1330 4551 1548 4672 Philostrphis
1562 4581 1606 4645 ac
1633 4556 1935 4652 Mathematict’t
1982 4624 1991 4635 .

689 4686 838 4774 concedi
849 4687 951 4777 hanc
961 4685 1261 4803 propaſstt'onem:
1277 4685 1410 4771 Tanta
1425 4689 1465 4770 ui
1480 4710 1584 4800 opus
1598 4687 1679 4774 effe
1696 4689 1747 4774 ad
1770 4688 1932 4777 eleuan-

688 4819 787 4912 dum
804 4844 953 4938 corpus
968 4813 1019 4909 A
1034 4823 1144 4912 utus
1163 4817 1276 4926 libre
1292 4811 1611 4912 ad-aititudinem
1630 4797 1802 4938 quattor
1820 4823 1931 4906 uina.
2108 4957 2118 4964 .

1842 4973 1942 5049 nim
