4312 5954
276 645 280 650 Ι
315 502 531 606 nouo
560 471 875 618 ruamus,
904 487 1090 596 sucu.
1121 504 1189 598 u.
1343 529 1426 646 1⁵15

171 741 431 850 celerationea
448 741 652 855 urgenti,
684 736 885 854 opposuit
889 736 1042 866 globum
1069 763 1089 824 e
1115 750 1308 825 tomeun
1344 751 1433 848 pro-

165 873 307 990 pulsent
332 928 344 975 ‚
370 868 440 982 qui
458 871 669 995 globulum
687 871 951 982 quiescentem
966 872 1009 954 in
1027 871 1089 954 via
1098 869 1162 952 sua
1177 870 1349 978 positum
1357 896 1424 956 an-

174 1022 216 1090 te
232 1003 271 1089 se
287 1019 561 1113 promoveat:
624 991 850 1086 Globulum
869 999 979 1082 enim
997 999 1100 1084 eoin
1120 995 1211 1086 casu
1231 1023 1422 1112 nonpro-
1480 994 1484 1009 '

170 1134 267 1244 pelli
285 1131 432 1216 tardius
449 1129 503 1214 ab
521 1127 637 1214 initio
657 1192 670 1236 ‚
692 1127 960 1215 &successive
981 1128 1145 1221 demum
1172 1128 1390 1229 accelerari
1412 1159 1427 1244 ς
1601 1197 1605 1208 ,
1628 1185 1633 1194 ·

168 1266 355 1373 quoniam
383 1257 479 1344 alias
505 1256 648 1370 &ipse
670 1257 815 1368 globus
832 1257 1046 1376 impellens
1062 1256 1115 1342 ab
1144 1259 1263 1344 initio
1282 1255 1430 1350 tardius

167 1391 407 1496 serremr‚&
423 1387 572 1472 deinde
590 1387 756 1472 celerius
780 1386 1010 1477 successive.
1030 1412 1071 1477 1.
1095 1380 1210 1478 Tum.
1223 1385 1303 1480 111,
1323 1393 1448 1505 epid,-

173 1541 278 1642 104.
293 1534 335 1632 p.
358 1538 474 1640 401.
492 1539 607 1637 402.
641 1514 779 1603 Posses
795 1518 986 1622 credere,
1012 1515 1084 1599 ista
1098 1513 1325 1602 festinanter
1334 1516 1426 1609 scri.

165 1670 236 1760 pta
253 1650 350 1736 else:
381 1645 575 1758 Namque
595 1647 677 1733 alio
696 1649 735 1732 in
752 1650 848 1734 loco
862 1645 946 1757 ipse
962 1644 1213 1753 suppeditat,
1247 1671 1336 1756 quat
1355 1677 1427 1736 re„
1580 1705 1584 1712 .

162 1779 375 1888 spondeas.
397 1803 439 1870 1,
459 1777 596 1869 Tom.
625 1775 678 1862 ΙΙ.
709 1777 825 1884 epist,
860 1795 969 1886 109.
995 1799 1038 1881 p.
1072 1769 1180 1878 367.
1256 1775 1428 1865 Mlnfic

165 1908 327 1994 videtur
352 1938 362 1992 ε
401 1897 487 1989 Atat
504 1906 556 2005 de
572 1903 818 1990 naturalibus
835 1903 1019 2014 quaetittu
1037 1897 1281 2009 corporibus
1316 1961 1329 2011 ‚
1355 1920 1426 1994 aut

163 2037 216 2123 de
229 2039 316 2124 aliis
327 2032 517 2120 foecundn
534 2033 822 2144 imaginatione
839 2031 955 2120 natis.
974 2039 977 2044 '
1022 2023 1068 2110 Si
1078 2030 1130 2113 de
1148 2028 1243 2116 illis:
1257 2027 1426 2150 Elastica

157 2163 289 2270 sunt,
314 2181 430 2274 ¹atque
447 2157 515 2244 hic
548 2161 623 2246 dici
642 2163 799 2270 potest,
836 2182 1019 2253 centrum
1043 2159 1154 2269 globi
1179 2161 1425 2274 impellentis

145 2320 249 2382 non
281 2293 374 2378 serri
402 2289 452 2374 ab
482 2291 578 2377 ictus
605 2287 720 2374 initio
746 2291 926 2398 tardius,
977 2292 1027 2374 δι·
1046 2287 1191 2374 deinde
1222 2295 1420 2392 velocius.

162 2417 323 2512 Pendet
340 2419 423 2508 hoc
441 2418 494 2504 ab
513 2420 663 2505 elatete
682 2442 932 2533 corporum,
955 2441 1033 2529 quo
1052 2416 1120 2525 fit,
1147 2441 1191 2506 ut
1202 2436 1350 2532 partes
1371 2427 1422 2512 ab

160 2547 375 2665 idntprff
391 2547 536 2641 cedent,
609 2545 680 2636 Sin
694 2547 860 2663 perfilsa
877 2549 983 2636 dura
995 2548 1127 2662 fingas
1145 2558 1415 2664 corpora3ni-
1508 2619 1512 2624 -

160 2681 219 2770 bil
237 2679 287 2766 ad
304 2681 371 2766 illa
387 2679 564 2790 pertinet
583 2678 653 2764 lex
670 2699 817 2768 natura
842 2672 889 2784 1.·
917 2699 989 2797 52.
1011 2704 1054 2772 n.
1078 2700 1113 2776 1.
1137 2702 1336 2788 enarrata,
1363 2687 1422 2770 ni-

159 2809 220 2896 hil
235 2811 354 2896 etiam
376 2807 531 2912 nostra,
564 2833 651 2918 quac
680 2811 825 2896 exinde
846 2810 1002 2914 fluunt,
1033 2811 1266 2905 corollaria,
1332 2811 1423 2899 Diu

161 2937 224 3026 est
244 3001 256 3046 ,
286 2935 394 3050 quod
413 2962 487 3045 per
503 2935 618 3020 illam
636 2936 952 3048 suppositionem
969 2936 1081 3022 saltus
1096 2960 1238 3028 naturae
1256 2941 1421 3032 obtrudi

160 3083 407 3156 monuerunt
421 3063 575 3157 eruditi.
642 3066 737 3178 Ego
756 3065 1041 3192 curiosioribus
1065 3071 1415 3184 questionemcom-

155 3192 318 3280 mendo
328 3195 549 3308 sequentem
564 3223 574 3278 :
591 3189 668 3280 An
686 3197 858 3309 corpori
871 3196 977 3282 duro
995 3195 1206 3306 quiescenti
1224 3226 1247 3285 a
1265 3226 1417 3312 corpo-

157 3351 207 3412 re
227 3323 333 3408 duro
358 3323 587 3408 incurrente
614 3327 935 3414 communicetur
954 3325 1011 3408 uis
1027 3327 1117 3410 uiua
1136 3325 1243 3410 insita
1262 3319 1280 3410 ἰ
1298 3355 1350 3412 an
1368 3331 1415 3414 il.

160 3453 230 3538 lud
244 3451 377 3538 solum
396 3450 449 3535 ab
463 3448 679 3563 insequenti
695 3477 874 3566 corpore
892 3473 1212 3568 promoveatur,
1231 3456 1291 3544 uti
1303 3481 1408 3568 pon-

161 3582 233 3670 dus
249 3584 355 3668 vedti
370 3602 488 3666 moto
502 3576 775 3692 impofitumi

278 3711 376 3803 LX.
440 3710 622 3822 Denique
660 3712 758 3797 illud
781 3735 918 3823 opera
948 3713 1120 3826 pretium
1163 3711 1220 3800 est
1247 3741 1408 3806 annota-

162 3868 208 3928 te
233 3875 242 3929 :
273 3841 341 3928 Ex
357 3838 539 3951 praesenti
558 3840 842 3928 dilucidatione
858 3841 1117 3955 dispalescere
1141 3868 1247 3931 uera
1266 3849 1414 3934 uirium

160 3989 444 4072 mortuarum,
469 3969 766 4058 elementorum
787 3973 848 4058 uis
863 3977 972 4058 vitae
992 4028 1006 4079 ‚
1040 3977 1082 4058 &
1096 3975 1154 4057 vis
1171 3971 1278 4058 uiuae
1298 3977 1415 4086 ipsius
1593 4029 1598 4040 ‚

161 4094 385 4210 discrimina,
413 4095 537 4210 Dixi
548 4098 583 4208 s.
614 4119 660 4192 2.
695 4097 995 4214 ambiguitatem
1020 4101 1146 4188 latere
1174 4101 1215 4186 in
1242 4096 1414 4192 formula
1454 4147 1458 4156 ·

161 4227 351 4346 loquendi
373 4283 385 4333 ,
420 4251 514 4312 cum
540 4226 684 4315 dicitur
704 4283 718 4334 ,
750 4233 851 4318 uires
871 4255 1051 4345 mortuas
1067 4225 1147 4316 etse
1166 4235 1407 4341 proportio-

140 4351 387 4444 ·nulesfadto
404 4381 458 4440 ex
474 4355 659 4444 massaio
679 4361 939 4454 celeritatem.
1015 4357 1087 4446 Est
1097 4361 1166 4444 illa
1178 4363 1414 4476 plerumque

161 4488 360 4572 innoxia:
398 4478 535 4570 Placet
557 4505 695 4572 tamen
721 4489 802 4574 hoc
828 4489 1082 4601 paragrapho
1106 4489 1155 4574 ab
1170 4491 1314 4574 eadem
1334 4493 1410 4578 ab·-

163 4619 321 4706 stinere.
384 4613 479 4700 Mea
498 4611 619 4700 li'cest
637 4611 841 4707 sententio.
907 4621 1090 4730 Expone
1110 4617 1189 4700 uim
1212 4631 1413 4724 mortuam,
1489 4725 1504 4736 .

191 4760 194 4768 ’
382 4773 386 4782 ’
761 4739 857 4830 ΡὮ
1217 4818 1222 4828 .
1336 4747 1419 4832 noc
