4306 5952
601 547 604 554 ‹
667 527 767 634 ω
1016 489 1105 592 oe
1134 434 1668 594 narcrcror'orarr

658 735 868 823 volutione
894 735 1005 826 huius
1033 732 1169 837 circuli
1194 731 1310 846 super
1336 730 1565 846 peripheria
1574 729 1709 835 LDE,
1733 733 1926 832 describet

652 865 694 950 in
724 865 931 980 superficie
959 868 1152 980 sphaerica
1183 891 1347 954 cruram
1372 859 1640 978 LFE‚quam·
1654 863 1925 982 Epicyclor'denr

561 1035 569 1046 ¹
655 989 889 1116 Sphaencunt
907 1003 1080 1113 appello

763 1129 912 1220 Radius
926 1131 1100 1243 Sphaerae
1121 1124 1164 1216 in
1177 1125 1290 1215 cuius
1307 1119 1514 1240 superficie
1531 1125 1771 1239 Epicyclois
1783 1126 1924 1248 sphe'

653 1256 741 1346 rica
755 1261 1013 1368 describitur,
1048 1261 1105 1347 est
1125 1262 1269 1371 ubique
1285 1258 1444 1369 equalis
1460 1259 1576 1343 lateri
1590 1265 1683 1345 coni
1698 1258 1785 1350 CB.

646 1397 657 1450 '·
764 1389 872 1482 Non
888 1414 1017 1481 autern
1033 1386 1191 1478 necesse
1207 1391 1321 1476 estut
1340 1391 1509 1476 cuculus
1531 1389 1758 1478 immobilis
1777 1395 1825 1480 fit
1843 1398 1921 1485 cir·

659 1519 771 1606 culus
790 1523 832 1608 in
848 1521 997 1642 sphera
1013 1525 1212 1628 maximus
1231 1539 1276 1606 ut
1295 1520 1374 1634 fig·
1398 1517 1588 1607 1.Potest
1620 1525 1916 1613 etiameisecir.
2041 1597 2045 1603 ,

656 1653 935 1758 culusminor‚
970 1674 1013 1742 ut
1040 1653 1115 1766 fig.
1151 1675 1192 1740 2.
1213 1652 1382 1736 circulus
1402 1676 1455 1739 ex
1474 1649 1921 1760 diarnetrOBS,uamfi

539 1889 540 1892 Ν
653 1781 695 1867 ἰη
730 1785 1048 1870 circumferentia
1075 1785 1187 1880 huius
1211 1782 1354 1868 circuli
1387 1836 1399 1886 ‚
1430 1783 1603 1869 circulus
1637 1809 1689 1868 ex
1725 1784 1922 1876 diametro

601 1904 603 1908 ⁴
652 1907 739 2000 AB
760 1917 826 2026 qui
844 1916 901 2001 est
921 1915 1020 2001 basis
1041 1916 1134 2000 coni
1149 1915 1249 2002 redii
1264 1909 1391 2000 ΒΑΕ
1413 1913 1520 2000 diuo
1537 1913 1668 2000 modo
1682 1915 1923 2028 uoluatunut

653 2044 814 2158 singulae
836 2067 972 2156 partes
995 2045 1109 2130 huius
1138 2044 1299 2156 singuiis
1325 2044 1501 2154 partibus
1523 2029 1759 2157 peripheria
1788 2049 1922 2138 circuli

654 2172 878 2262 immobilis
912 2174 1123 2264 succeffire
1158 2174 1439 2286 applicentur,
1481 2177 1671 2286 pundum
1697 2175 1922 2268 describens

657 2307 884 2392 etiamnunc
909 2309 1073 2394 incedet
1099 2309 1140 2391 in
1164 2305 1434 2418 Epicycloide
1464 2306 1504 2394 in
1524 2305 1732 2420 superficie
1749 2305 1923 2420 Sphaerae

657 2429 781 2530 ΒΑΕ
802 2433 1096 2550 descriptafiue
1123 2437 1286 2522 circulus
1313 2455 1536 2543 generator,
1549 2455 1659 2524 extet
1690 2435 1806 2548 supra
1830 2443 1923 2554 pla·

656 2589 756 2652 num
783 2551 919 2666 circuli
944 2566 1164 2660 immobilis
1190 2560 1377 2676 BS,srue
1401 2565 1651 2666 subtedidem
1668 2567 1922 2692 planumde-v

654 2697 883 2807 preffusfit.

772 2830 821 2918 In
839 2833 953 2920 omni
973 2831 1060 2922 casu
1074 2829 1241 2945 planum
1261 2825 1397 2918 circuli
1415 2833 1663 2946 generatoris
1688 2831 1739 2920 ad
1761 2830 1921 2947 planum

588 3061 590 3066 Ι
657 2955 797 3048 circuli
817 2963 1044 3052 immobilis
1062 2965 1161 3052 dato
1179 2965 1325 3078 angulo
1341 2951 1574 3050 inclinatum
1590 2965 1678 3070 est,
1714 2963 1757 3048 in
1777 2966 1851 3078 fig.
1881 2990 1919 3060 1.

656 3093 803 3201 angulo
820 3089 972 3201 ABG,
1001 3097 1043 3181 in
1068 3095 1240 3182 secunda
1262 3117 1363 3180 vero
1391 3096 1536 3202 angulo
1555 3089 1709 3197 ABR,
1739 3093 1929 3183 srcircu·

415 3237 420 3244 “
574 3291 580 3304 .
652 3220 712 3307 lus
732 3217 821 3310 AB
843 3224 889 3310 fit
907 3229 1021 3336 iuper
1039 3227 1164 3339 plano
1181 3221 1335 3331 usne}
1353 3222 1634 3344 supplemento
1649 3227 1785 3336 anguli
1801 3222 1919 3322 ABR

577 3435 580 3440 .
648 3350 739 3439 srsrt
758 3354 893 3442 subter
910 3354 1037 3468 plano
1052 3356 1138 3446 BR.
1204 3354 1252 3441 In
1267 3355 1384 3442 omni
1406 3382 1458 3440 ex
1475 3353 1579 3440 hisee
1609 3351 1760 3441 casabus
1783 3355 1912 3472 longi-

655 3484 751 3568 tudo
775 3489 1057 3606 Epicycioidis
1081 3489 1135 3574 est
1154 3483 1222 3570 'ad
1252 3487 1496 3591 diametrum
1516 3486 1654 3572 circuli
1671 3489 1918 3598 generatoris

660 3610 875 3702 iuratione
893 3618 995 3710 data.
1061 3613 1142 3704 Ad
1161 3617 1204 3704 id
1221 3616 1513 3718 ostendendum
1535 3615 1788 3730 sequentibus
1809 3617 1911 3706 lem-

532 3775 537 3788 ·
658 3747 780 3834 matis
799 3748 1128 3862 opushabemus,
2000 3751 2003 3760 “

743 3891 753 3906 ’
1165 3875 1329 3966 Lemma
1390 3881 1423 3966 Ῑ.

445 4001 537 4123 Fig.
564 4031 606 4127 3.
633 4093 635 4098 ,
786 4005 905 4098 Datis
919 4007 1112 4098 lateribus
1130 4011 1315 4122 trianguli
1342 4007 1615 4128 obliquanguli
1633 4009 1744 4129 beri,
1772 4034 1919 4126 nempe

652 4143 704 4258 βε
719 4139 760 4224 &
780 4139 848 4248 be,
876 4143 918 4226 &
937 4145 1085 4264 angulo
1101 4143 1329 4256 intercepto
1347 4139 1422 4258 ὸεβ
1440 4199 1453 4253 ,
1483 4146 1660 4232 inuenire
1676 4145 1839 4230 tertium
1855 4145 1913 4232 la·

652 4291 713 4358 tus
735 4267 807 4384 bii.
827 4267 927 4383 Fig.
953 4292 994 4382 3,
1931 4277 1935 4292 '

780 4398 982 4488 Dicantur
1002 4403 1152 4518 εβςρ,
1171 4397 1328 4517 rb:q‚
1358 4402 1457 4490 smus
1479 4403 1608 4519 anguli
1622 4405 1799 4521 ὸθβᾌ,
1822 4403 1923 4510 smne
2143 4489 2144 4530 g

656 4529 949 4640 complementi
965 4529 1057 4640 :lt
1069 4535 1120 4619 ad
1133 4534 1407 4645 radiumzr,
1420 4539 1571 4652 eritque
1589 4539 1692 4626 latus
1708 4535 1919 4652 quaesrtum

470 4701 473 4706 ¹
646 4657 1147 4810 bnzrirr-dneru
1258 4653 1270 4686 ⁸
1717 4676 1722 4682 ·
1801 4661 1919 4751 aem.
