4386 5980
316 468 322 476 ’
394 528 411 570 r
646 463 979 580 aerumna:
1241 537 1243 544 ,
1358 499 1458 608 403·

195 671 506 794 tironumque
526 684 778 796 quorundam
793 684 1040 797 populorum
1065 677 1301 778 innotuerat.
1375 681 1458 774 Ita·
1560 673 1564 684 ’

193 839 279 924 que
299 812 515 900 cauendum
533 813 591 897 est
608 812 743 901 sedulo
761 877 774 920 ‚
803 840 855 898 ne
871 814 975 898 hunc
1002 815 1210 902 hominem
1227 819 1375 927 ignorit
1388 811 1459 904 re?

199 941 276 1028 bus
293 944 482 1054 ranisque
493 941 704 1048 figmentis
721 942 995 1028 obleciaotcm
1010 946 1130 1047 alios,
1167 948 1454 1054 tamquambo-

197 1096 301 1158 num
322 1089 362 1158 et
375 1091 609 1159 accuratum
623 1074 674 1157 de
690 1073 765 1156 illis
782 1072 897 1161 teuit
912 1071 1054 1156 testem
1071 1073 1262 1178 citemus,
1287 1093 1330 1156 vt
1351 1073 1456 1158 fece-

197 1227 246 1288 re
265 1223 356 1287 ante
384 1227 457 1289 nos
484 1203 663 1287 nonnulli
685 1201 830 1288 eruditi
852 1201 944 1293 uiri
987 1198 1097 1317 Qui
1122 1199 1334 1287 secundum
1361 1227 1456 1289 eum

197 1324 485 1458 Argonautica
509 1327 777 1438 scripserunt,
805 1355 889 1414 non
915 1355 1010 1440 quae
1041 1350 1178 1441 gentes
1201 1355 1340 1416 reuera
1359 1331 1457 1419 anti·

197 1461 392 1572 quiffrmis
408 1441 782 1564 temporibusisthic
799 1458 1039 1556 coluerint,
1048 1455 1115 1540 sed
1140 1483 1236 1566 quas
1248 1458 1315 1544 sua
1329 1479 1458 1546 aetate

196 1610 268 1675 aut
285 1605 519 1698 quocunque
535 1585 616 1668 alio
636 1594 823 1693 tempore
840 1581 947 1668 isthic
971 1582 1167 1670 recenseri
1187 1605 1453 1694 acceperant,
1504 1689 1506 1698 Ι
1601 1635 1603 1640 ·

195 1718 252 1802 ab
268 1710 518 1826 Argonautis
535 1716 681 1824 petitas
694 1707 957 1804 tradiderunt.
1021 1710 1186 1821 Itaque
1174 1739 1215 1794 rn
1239 1714 1289 1796 iis
1310 1715 1456 1802 maiori

85 1841 90 1852 ’
197 1847 323 1934 ctiam
341 1867 444 1952 opus
461 1843 518 1926 est
536 1843 743 1948 cautione,
762 1867 882 1950 quam
899 1867 999 1952 quae
1010 1840 1062 1924 ab
1082 1842 1158 1926 iliis
1171 1841 1327 1926 eruditis
1342 1842 1454 1950 viris,

195 1994 302 2088 quos
318 1973 400 2058 dixi
416 1991 552 2075 antea,
577 1971 751 2056 adhibita
765 1973 820 2058 cst
839 2025 852 2074 ,
878 1973 940 2082 qui
958 1969 1193 2054 diffooantia
1214 1971 1252 2054 in
1270 1968 1454 2065 ,Onoma-

195 2106 306 2190 crito
327 2117 368 2188 ¹et
381 2104 522 2188 ceteris
544 2085 814 2213 argonauticis
834 2099 1093 2211 scriptoribus
1107 2098 1385 2209 comparando
1398 2100 1455 2188 fe-

198 2259 316 2345 cere,
341 2253 386 2318 rt
408 2229 616 2316 erroribus
635 2232 752 2340 plena
769 2225 892 2316 tisent
910 2230 1068 2324 omnia.
1144 2247 1150 2260 ’

335 2357 557 2470 Aeschylus
604 2357 879 2468 Onomacriro
893 2419 903 2438 .
918 2359 1096 2444 concinit
1133 2359 1174 2444 in
1206 2349 1452 2444 Prometheo

196 2491 336 2578 ‘tincto
364 2484 571 2602 ,Scythas
593 2485 705 2596 supra
724 2489 906 2577 Maeotin
927 2489 1102 2576 coluisse.
1169 2483 1233 2576 Sic
1253 2489 1358 2576 enim
1378 2511 1446 2574 ca·

201 2623 289 2712 ait:
432 2614 520 2730 Koir
549 2604 775 2720 2215qu
753 2628 894 2732 ομιλος

425 2741 482 2834 Oi
507 2730 772 2896 Ύαςὲχατον
793 2745 872 2864 πός
875 2735 1059 2854 arctavo
1174 2797 1183 2814 =

436 2859 667 2964 Mmurtv'
647 2901 777 2990 εχεσι
793 2871 981 2990 λίμναν
1063 2923 1067 2934 -

420 2990 489 3090 Et
507 3001 682 3112 Scythica
695 3003 831 3111 turba,

424 3125 684 3254 Qmeterrae
704 3145 918 3220 extremam
932 3127 1138 3244 regionem,
1153 3125 1294 3222 circum

431 3259 620 3352 Maeotim
635 3273 739 3348 tenet
751 3277 811 3374 pa
812 3261 942 3352 i.adem

199 3383 318 3484 idem
332 3381 569 3502 Scytharum
587 3394 798 3502 regionem
810 3392 849 3476 in
871 3389 1135 3476 solitudinibus
1157 3390 1325 3476 collocat
1342 3405 1382 3476 et
1400 3389 1452 3476 ad

199 3547 395 3608 oceanum
425 3544 548 3630 usqne
571 3519 756 3628 producit
787 3571 801 3624 ,
837 3542 1016 3631 quocum
1039 3521 1243 3608 misceatur
1264 3519 1453 3618 Maeotis.

197 3647 312 3742 Nou
326 3651 433 3740 riiiuc
449 3649 534 3732 sunt
550 3641 997 3766 eiScythaeNomadea

433 3771 489 3866 Oi
522 3775 707 3880 πλεκτὰ,
740 3773 875 3888 ςὲγας

433 3898 886 4020 ΠεδάςσιοινάωσιΓ
866 3899 931 3992 err’
956 3887 1302 4020 εὐκύκλοιςῗχσις

337 4105 341 4114 .
434 4031 477 4122 E‘
489 4029 679 4140 κηέὅλοις
696 4027 880 4134 τόξοισιν
903 4023 973 4140 iim
945 4031 1170 4154 ηςτημένσι
1316 4063 1320 4072 ·

433 4160 884 4284 ,Quicasetsuitiies
1187 4235 1192 4242 .

436 4294 619 4398 Incolunt,
650 4291 725 4378 ubi
697 4293 802 4378 lamas
812 4287 931 4406 super
947 4287 1127 4378 rotundis
1145 4281 1371 4399 turribus,

437 4415 615 4506 Areatas
633 4421 740 4531 Iunge
756 4422 1012 4507 iaculantibus
1035 4416 1213 4527 instruiii.
1379 4535 1383 4543 .

784 4545 886 4636 Eee
916 4567 947 4638 2
1087 4628 1091 4639 .
1360 4541 1456 4635 No-
