4298 5952
707 488 737 564 2
747 465 808 592 5⁶
1092 456 1180 562 on
1243 452 1635 560 voarrcrrrr

830 697 956 788 XXI.
1018 697 1180 790 Verum
1196 696 1277 802 est,
1313 711 1471 784 motum
1486 693 1729 798 rotatorium
1737 687 1916 806 imprimi
1933 725 1970 788 a.

712 853 799 946 quae
817 856 893 940 per
912 829 1108 918 actionem
1129 828 1345 938 superficiei
1367 825 1575 913 ambientis
1599 881 1611 929 ,
1655 827 1904 938 eandemque
1918 833 1963 915 fi.

712 961 797 1049 mul
817 986 908 1048 cum
933 987 1031 1072 aqua
1056 956 1151 1042 ferri
1180 960 1220 1041 in
1247 958 1417 1043 eandem
1441 957 1600 1066 plagam
1629 981 1640 1062 ;
1679 949 1870 1048 Forraffis
1894 987 1966 1070 pro
2060 980 2064 986 ’

710 1087 892 1178 Cartesro
908 1090 1015 1175 dicas
1039 1151 1051 1195 ,
1082 1107 1241 1172 motum
1264 1085 1511 1171 vorticosum
1536 1088 1572 1169 in
1592 1097 1741 1170 natura
1759 1085 1880 1174 aliter
1895 1092 1965 1174 irn.

711 1201 887 1331 prelIum
903 1216 982 1304 effe
1014 1271 1027 1322 ‚
1077 1219 1118 1299 δι
1150 1217 1399 1327 superficiem
1424 1215 1731 1300 concludentem
1753 1217 1963 1328 quiescere.

712 1347 808 1437 Nun
830 1347 873 1432 id
888 1372 988 1434 vero
1006 1348 1169 1432 illationi
1189 1347 1331 1430 nostra:
1346 1346 1491 1460 efficiet,
1534 1339 1733 1462 Quicquid
1750 1348 1797 1431 srt
1809 1347 1857 1429 de
1871 1373 1958 1432 mo-

709 1477 796 1584 do,
823 1478 1063 1588 quovortici
1081 1497 1217 1561 motus
1239 1477 1288 1560 ab
1307 1477 1420 1561 initio
1448 1475 1716 1580 imprimitur,
1742 1477 1957 1564 considera-

711 1631 800 1693 mus
814 1609 921 1692 illum
942 1611 980 1690 in
1000 1608 1099 1691 statu
1115 1606 1296 1692 manenti.
1370 1604 1467 1723 Quo
1493 1599 1582 1728 casu
1606 1629 1737 1715 neque
1756 1605 1887 1690 officit
1903 1605 1958 1690 su-

708 1737 891 1848 perficiei
912 1740 1070 1822 extimae
1093 1735 1281 1845 quies,uti
1297 1735 1470 1820 vidimus
1488 1755 1570 1823 nro.
1598 1751 1669 1846 15.
1688 1737 1729 1817 δι
1746 1755 1820 1850 25.
1839 1738 1956 1836 inex-

709 1867 953 1978 perimentis.
1016 1865 1154 1952 Manet
1167 1867 1301 1972 igitar,
1332 1863 1441 1975 quod
1464 1865 1497 1970 d.
1525 1881 1596 1973 19.
1617 1863 1800 1948 diximus.

825 1997 968 2082 XXII.
1032 1988 1230 2080 Alterum
1258 1991 1338 2092 hoc
1366 1985 1547 2080 est0:Pr0
1569 1977 1755 2077 iudicanda
1777 1991 1965 2081 alrediione

706 2123 768 2206 uis
796 2120 1009 2235 centrifirgae
1037 2123 1330 2234 particularum
1341 2121 1457 2234 fluidi
1480 2121 1583 2204 cr'rca
1611 2147 1726 2205 ntem
1759 2128 1962 2210 rotantium

708 2251 930 2366 currsrirrari
948 2251 1055 2337 debet
1078 2251 1177 2337 r'llud
1190 2254 1375 2364 plantum,
1407 2249 1508 2367 quod
1530 2252 1716 2364 aequatori
1736 2254 1963 2362 parallelum

711 2383 793 2484 eil,
820 2405 904 2465 uon
929 2406 1029 2465 uero
1055 2381 1219 2490 planrun
1247 2382 1453 2466 meridiani
1483 2442 1494 2484 ‚
1518 2380 1583 2463 rel
1607 2380 1760 2465 alterius
1776 2388 1912 2488 clrpuli
1927 2387 1962 2467 in

707 2507 748 2594 in
765 2505 913 2618 sphaera
932 2511 1117 2596 maximi
1181 2507 1293 2598 Patet
1313 2511 1353 2594 id
1365 2537 1425 2598 ex
1441 2509 1566 2619 figura
1582 2509 1710 2593 nuclei
1727 2513 1961 2619 cylindrus,

710 2639 751 2722 vi
768 2639 877 2724 cuius
892 2639 1055 2728 diredlio
1075 2663 1300 2750 corporum
1315 2641 1542 2726 cedentium
1565 2637 1620 2722 est
1635 2644 1963 2751 perpendicularis

711 2767 762 2854 ad
780 2795 897 2856 axem
912 2771 951 2855 in
971 2770 1098 2880 planis
1113 2773 1299 2882 aequatori
1316 2771 1524 2882 parallelis.
1608 2783 1610 2788 '
1925 2847 1929 2855 .

826 2891 991 2986 XXIII.
1029 2899 1154 2986 lrrvat
1170 2921 1301 2988 autern
1316 2898 1400 2986 hoc
1417 2899 1872 3010 attendere‚quoni2m‚fi
1899 2925 1964 2984 ra-

664 3047 678 3068 '
709 3026 850 3114 tireno
874 3056 997 3142 agere
1002 3027 1086 3141 solo
1107 3029 1298 3118 vellemus
1322 3086 1335 3137 ,
1362 3027 1494 3142 poffet
1509 3029 1856 3123 resvideridubia.
1903 3033 1964 3116 Ex

682 3257 688 3276 .
710 3182 787 3243 una
802 3161 961 3272 quidem
978 3181 1093 3270 parte
1112 3161 1166 3245 src
1187 3158 1316 3245 infero
1338 3195 1346 3246 :
1373 3161 1558 3272 quoniam
1577 3159 1658 3268 ipsc
1676 3181 1811 3244 motus
1826 3223 1838 3265 ‚
1855 3183 1962 3270 aquo

710 3289 771 3372 vis
790 3291 1011 3404 centn'fuga
1031 3292 1178 3393 oritur,
1211 3316 1295 3375 nou
1318 3289 1437 3376 fermr
1461 3287 1673 3374 secundum
1698 3278 1968 3374 meridianum
2057 3333 2062 3342 ·

710 3421 895 3530 vorticis,
919 3423 985 3506 vel
1002 3419 1137 3506 circuli
1153 3417 1317 3504 alterius
1333 3420 1501 3516 maximi
1522 3437 1767 3528 arquatorenn
1785 3417 1957 3520 secantis,

709 3545 774 3630 sed
796 3549 1009 3638 secundum
1032 3549 1408 3658 circulosaequatori
1427 3548 1634 3662 parallelos
1660 3572 1679 3624 τ·
1694 3551 1815 3660 Igitur
1829 3553 1869 3633 &
1902 3549 1954 3630 di·

710 3679 915 3783 redtions
933 3673 1158 3791 centrifirgae
1174 3680 1383 3789 particula
1403 3681 1665 3790 cuiuscunque
1687 3680 1765 3764 erit
1780 3677 1821 3762 in
1836 3678 1961 3791 planis

707 3799 1138 3927 aequatoriparallelis„

816 3939 986 4030 XXIV.
1030 3937 1253 4048 ,Exultera
1270 3957 1399 4026 autem
1421 3954 1536 4052 parte
1559 3935 1813 4050 superficiem
1832 3955 1954 4024 atten-

708 4069 844 4153 dendo
858 4069 1084 4178 sphaen'cam
1101 4068 1172 4152 alla
1187 4067 1237 4152 ab
1261 4070 1344 4154 aliis
1362 4071 1568 4156 aessimatio
1595 4089 1704 4154 eruta
1734 4057 1807 4160 e‘st.
1874 4067 1959 4153 Iac.

705 4193 963 4298 Bernartius,
998 4201 1093 4284 loco
1110 4197 1275 4307 superius
1291 4201 1408 4284 citato
1425 4197 1633 4310 ingeniose
1647 4219 1785 4283 monet
1801 4252 1815 4301 ,
1845 4197 1959 4306 plana

705 4326 847 4411 circuli
864 4326 1062 4436 paralleli,
1101 4351 1140 4412 v.
1161 4353 1201 4438 g.
1221 4331 1380 4438 tropici,
1394 4331 1436 4414 &
1451 4330 1585 4414 circuli
1604 4329 1819 4414 maximia.
1834 4353 1877 4437 g.
1899 4349 1959 4409 ec-

703 4453 854 4568 lipticae
876 4454 953 4542 sese
983 4449 1215 4546 intersecare
1239 4459 1282 4544 iu
1312 4459 1411 4545 lr'nea
1442 4513 1455 4566 ,
1491 4484 1580 4572 quar
1606 4459 1806 4572 utriusque
1828 4454 1959 4542 circuli

1878 4605 1960 4672 tan·
