4352 5962
567 463 660 564 ΠΒ
701 461 1158 572 emollierant..
1403 501 1492 604 325

227 700 831 818 binnaeamre&tiigore·‚
863 703 922 790 ob
945 701 1114 790 diversas
1132 705 1173 790 dc
1196 655 1433 816 integulares
1450 710 1498 797 li.

224 865 400 954 quormt
421 833 720 947 expanliones,
758 853 881 942 atque
897 830 1240 930 condensationet.
1304 835 1492 958 40⁰⁰¹e
1568 935 1574 938 ,

223 969 356 1082 polita
376 966 514 1054 omnia
532 982 722 1078 urgentur
740 962 975 1050 difficultate
990 959 1264 1077 cognoscendi
1275 965 1494 1052 diametros
1597 1057 1604 1081 Ι
1686 1049 1696 1060 ,

224 1099 443 1202 tubomm‚
467 1093 588 1206 idque
604 1118 679 1203 pet
700 1111 832 1178 totam
858 1092 1085 1208 variationis
1108 1093 1408 1201 longitudinem.
1448 1085 1493 1211 ς’.

222 1221 458 1320 Neceffatia
473 1212 712 1311 succuum*
732 1241 899 1336 generat
914 1222 1171 1310 oscillationes
1187 1226 1228 1310 in
1254 1225 1493 1336 compositis

221 1359 437 1448 minimtntt
458 1379 573 1466 aeque
589 1355 870 1438 incommodas
885 1415 898 1456 ,
915 1377 1035 1463 quam
1060 1354 1100 1436 in
1127 1353 1219 1462 ipstt
1236 1353 1491 1466 supplicibus.
1616 1351 1621 1356 ’

222 1485 412 1600 Denique
430 1481 476 1577 6.
494 1480 749 1569 difficultates
763 1479 932 1596 parandi
946 1507 969 1566 a
985 1480 1195 1594 ptt'otibue
1206 1485 1496 1574 omnibussuat

222 1641 338 1733 pane
353 1611 644 1726 inseparabiles.
795 1691 799 1700 ,
1474 1607 1477 1616 ’

340 1742 462 1832 xln.
526 1737 635 1832 Non
657 1737 770 1824 soleo
796 1736 1057 1860 difficultates
1082 1737 1284 1848 imputare
1319 1740 1493 1829 alienun

218 1872 411 1980 intentis,
436 1871 503 1959 nili
518 1866 737 1955 methodus
751 1870 854 1958 mihi
874 1867 1092 1974 incentat,
1118 1891 1193 1980 qua
1210 1868 1299 1954 tolli
1326 1869 1410 1954 illus
1426 1868 1492 1959 uel

221 2004 412 2108 imminui
427 1997 539 2112 polle
555 2018 736 2090 tommo.
776 2063 779 2068 -
809 1995 869 2086 Ut
888 1999 1132 2104 intelligam,
1154 2021 1270 2108 quam
1289 2021 1422 2109 prope
1439 1999 1490 2084 'ad

219 2134 434 2218 veritatem
451 2127 664 2231 accedam,
683 2148 750 2213 aot
769 2126 819 2213 ab
837 2149 886 2211 ea
904 2125 1055 2231 abiam,
1080 2127 1224 2238 accipe
1241 2125 1433 2237 scopum,
1446 2129 1491 2214 et

219 2261 453 2348 strumum
472 2258 571 2344 noti
592 2255 804 2344 cuiusdam
817 2253 1067 2366 aaronem,
1087 2255 1198 2370 quod
1217 2279 1302 2346 nott
1326 2255 1380 2346 ita
1400 2255 1484 2371 pti‘·
1638 2289 1645 2306 =

221 2390 318 2480 dem
334 2392 473 2480 animo
488 2385 691 2482 succtutt‘t.

290 2657 492 2826 Scopas
514 2681 567 2778 et
594 2651 904 2824 'Straetura
924 2653 1049 2776 novi
1073 2649 1415 2828 Baromet'ai.
1521 2713 1528 2722 »

345 2892 475 2988 XIV.
540 2885 665 2986 Mens
684 2891 746 3010 est,
763 2891 915 2985 habere
930 2891 1220 2987 Batometnun
1238 2959 1252 3003 ‚
1271 2897 1391 3006 qnod-
1408 2921 1483 2986 aa·
1590 2983 1592 2990 ,

218 3022 414 3114 tiationet
429 3021 640 3140 gnatitatie
656 3025 778 3112 etiun
792 3027 977 3114 minoret
992 3027 1168 3132 indicet3
1186 3025 1277 3112 ninii
1292 3027 1480 3115 atnbiin·

219 3152 444 3262 aequalitate
460 3153 721 3240 incommodi
737 3156 907 3266 patiatur
926 3186 940 3268 ς
964 3155 1055 3246 mltil
1071 3183 1094 3242 a
1113 3147 1337 3243 divetfitate
1354 3155 1489 3244 ascen-

31 3358 37 3371 .
219 3272 281 3366 sus
298 3283 340 3367 δι
356 3279 559 3368 descendis
578 3282 776 3370 Merctuii
793 3316 808 3394 3
824 3287 937 3398 quod
950 3285 1215 3396 expanfionee
1233 3285 1276 3370 ἀ
1305 3289 1481 3374 tonden-

219 3403 389 3500 fanones
408 3436 432 3496 a
450 3411 586 3496 calore
603 3415 646 3498 ἃ
659 3409 818 3527 frigore
842 3415 1035 3503 oriundae
1062 3413 1258 3517 discernat
1274 3417 1326 3503 ab
1344 3417 1490 3506 effectu

220 3541 425 3654 grauitatis
446 3569 461 3644 ·‚
481 3537 592 3650 qdod
617 3567 701 3628 non
718 3544 895 3654 indigeat
921 3541 1100 3632 ntenfitm
1132 3541 1421 3652 diametrorum
1443 3549 1488 3634 in

221 3669 351 3778 tobia,
367 3670 411 3756 in
427 3691 509 3780 quo
521 3667 786 3762 oscillationet
803 3677 1011 3764 nummum
1029 3673 1296 3786 impedimenti
1313 3675 1486 3786 steiano,
1607 3727 1610 3732 ι

218 3799 330 3911 quod
348 3799 400 3884 ab
419 3797 699 3906 exhalatione,
718 3808 958 3914 putredine,
985 3801 1267 3918 congelatione
1283 3811 1364 3898 &e
1385 3805 1484 3893 unit

217 3929 389 4044 patiatur
406 3955 420 4035 3
440 3926 555 4040 quod
572 3951 803 4040 parantum
817 3935 865 4024 fit
880 3932 1066 4043 difficiie;
1089 3929 1199 4048 quod
1215 3929 1486 4050 deniqueexa·

214 4081 315 4148 men
333 4057 405 4142 suae
420 4057 691 4146 exadtltudinis
711 4059 844 4148 secum
864 4063 995 4150 vehat.

281 4211 285 4218 ·
334 4185 444 4280 XV.
504 4178 591 4275 Pro
606 4186 794 4283 hoc-fine
811 4181 1017 4284 affunaett
1032 4185 1302 4292 emnem
1321 4189 1488 4310 vulgare

368 4365 370 4370 ·
801 4315 926 4446 Sag
1392 4329 1485 4428 im

344 4563 381 4642 ¹
441 4493 705 4698 tappet.
737 4599 784 4702 a·
