<?xml version="1.0" encoding="UTF-8"?>
<!DOCTYPE html PUBLIC "-//W3C//DTD XHTML 1.0 Transitional//EN"
    "http://www.w3.org/TR/xhtml1/DTD/xhtml1-transitional.dtd">
<html xmlns="http://www.w3.org/1999/xhtml" xml:lang="en" lang="en">
 <head>
  <title>
</title>
<meta http-equiv="Content-Type" content="text/html;charset=utf-8" />
  <meta name='ocr-system' content='tesseract 3.04.00' />
  <meta name='ocr-capabilities' content='ocr_page ocr_carea ocr_par ocr_line ocrx_word'/>
</head>
<body>
  <div class='ocr_page' id='page_1' title='image "./commentariiacad02sssrgoog_0445.png"; bbox 0 0 4352 5962; ppageno 0'>
   <div class='ocr_carea' id='block_1_1' title="bbox 729 498 1679 634">
    <p class='ocr_par' dir='ltr' id='par_1_1' title="bbox 729 498 1679 634">
     <span class='ocr_line' id='line_1_1' title="bbox 729 498 1679 634; baseline -0.014 -26"><span class='ocrx_word' id='word_1_1' title='bbox 729 505 821 634; x_wconf 77' lang='lat'>388</span> <span class='ocrx_word' id='word_1_2' title='bbox 1061 568 1068 578; x_wconf 94' lang='lat'>-</span> <span class='ocrx_word' id='word_1_3' title='bbox 1170 499 1260 602; x_wconf 87' lang='lat' dir='ltr'>DE</span> <span class='ocrx_word' id='word_1_4' title='bbox 1302 498 1586 603; x_wconf 71' lang='lat' dir='ltr'>omento</span> <span class='ocrx_word' id='word_1_5' title='bbox 1633 585 1638 596; x_wconf 88' lang='lat'>.</span> <span class='ocrx_word' id='word_1_6' title='bbox 1672 547 1679 560; x_wconf 65' lang='lat'><em>„</em></span> 
     </span>
    </p>
   </div>
   <div class='ocr_carea' id='block_1_2' title="bbox 633 708 2015 2523">
    <p class='ocr_par' dir='ltr' id='par_1_2' title="bbox 633 708 2015 2523">
     <span class='ocr_line' id='line_1_2' title="bbox 652 708 1994 826; baseline 0.001 -16"><span class='ocrx_word' id='word_1_7' title='bbox 652 713 655 722; x_wconf 72' lang='grc'><strong>’</strong></span> <span class='ocrx_word' id='word_1_8' title='bbox 729 719 933 826; x_wconf 89' lang='lat' dir='ltr'>Curones,</span> <span class='ocrx_word' id='word_1_9' title='bbox 952 716 1152 820; x_wconf 86' lang='lat' dir='ltr'>Liuones,</span> <span class='ocrx_word' id='word_1_10' title='bbox 1181 708 1367 821; x_wconf 74' lang='lat' dir='ltr'>Aestiua,</span> <span class='ocrx_word' id='word_1_11' title='bbox 1405 709 1598 822; x_wconf 89' lang='lat' dir='ltr'>Fennos,</span> <span class='ocrx_word' id='word_1_12' title='bbox 1619 714 1922 826; x_wconf 84' lang='lat' dir='ltr'>&amp;Lappones‚</span> <span class='ocrx_word' id='word_1_13' title='bbox 1952 725 1994 812; x_wconf 86' lang='lat' dir='ltr'>dc</span> 
     </span>
     <span class='ocr_line' id='line_1_3' title="bbox 727 843 1992 963; baseline -0.004 -28"><span class='ocrx_word' id='word_1_14' title='bbox 727 872 884 963; x_wconf 83' lang='lat' dir='ltr'>paucos</span> <span class='ocrx_word' id='word_1_15' title='bbox 898 847 1009 934; x_wconf 83' lang='lat' dir='ltr'>alios.</span> <span class='ocrx_word' id='word_1_16' title='bbox 1067 847 1155 952; x_wconf 58' lang='lat' dir='ltr'>‚Ista</span> <span class='ocrx_word' id='word_1_17' title='bbox 1172 864 1254 930; x_wconf 89' lang='lat' dir='ltr'>tam</span> <span class='ocrx_word' id='word_1_18' title='bbox 1275 843 1423 934; x_wconf 77' lang='lat' dir='ltr'>trreoa</span> <span class='ocrx_word' id='word_1_19' title='bbox 1444 844 1634 933; x_wconf 75' lang='lat' dir='ltr'>consessus</span> <span class='ocrx_word' id='word_1_20' title='bbox 1654 843 1935 942; x_wconf 84' lang='lat' dir='ltr'>obuersabirur</span> <span class='ocrx_word' id='word_1_21' title='bbox 1956 885 1992 943; x_wconf 74' lang='lat' dir='ltr'>a.</span> 
     </span>
     <span class='ocr_line' id='line_1_4' title="bbox 728 975 1992 1096; baseline 0.004 -31"><span class='ocrx_word' id='word_1_22' title='bbox 728 980 846 1066; x_wconf 81' lang='lat' dir='ltr'>nimis</span> <span class='ocrx_word' id='word_1_23' title='bbox 861 977 961 1064; x_wconf 88' lang='lat' dir='ltr'>haec</span> <span class='ocrx_word' id='word_1_24' title='bbox 978 977 1114 1063; x_wconf 87' lang='lat' dir='ltr'>nostra</span> <span class='ocrx_word' id='word_1_25' title='bbox 1130 975 1368 1096; x_wconf 68' lang='lat' dir='ltr'>legentium,</span> <span class='ocrx_word' id='word_1_26' title='bbox 1392 977 1525 1064; x_wconf 90' lang='lat' dir='ltr'>donec</span> <span class='ocrx_word' id='word_1_27' title='bbox 1538 979 1580 1063; x_wconf 91' lang='lat' dir='ltr'>in</span> <span class='ocrx_word' id='word_1_28' title='bbox 1600 975 1803 1092; x_wconf 88' lang='lat' dir='ltr'>progressu</span> <span class='ocrx_word' id='word_1_29' title='bbox 1821 979 1862 1065; x_wconf 91' lang='lat' dir='ltr'>id</span> <span class='ocrx_word' id='word_1_30' title='bbox 1883 1007 1992 1070; x_wconf 84' lang='lat' dir='ltr'>ano·</span> 
     </span>
     <span class='ocr_line' id='line_1_5' title="bbox 729 1103 1988 1219; baseline 0.001 -24"><span class='ocrx_word' id='word_1_31' title='bbox 729 1111 786 1196; x_wconf 92' lang='lat' dir='ltr'>bis</span> <span class='ocrx_word' id='word_1_32' title='bbox 804 1109 1006 1219; x_wconf 84' lang='lat' dir='ltr'>paullatim</span> <span class='ocrx_word' id='word_1_33' title='bbox 1026 1109 1281 1194; x_wconf 88' lang='lat' dir='ltr'>constitutum</span> <span class='ocrx_word' id='word_1_34' title='bbox 1296 1109 1509 1217; x_wconf 89' lang='lat' dir='ltr'>reperient.</span> <span class='ocrx_word' id='word_1_35' title='bbox 1573 1103 1988 1204; x_wconf 79' lang='lat' dir='ltr'>CrunRotbenosnon</span> 
     </span>
     <span class='ocr_line' id='line_1_6' title="bbox 647 1232 1984 1352; baseline -0.006 -26"><span class='ocrx_word' id='word_1_36' title='bbox 647 1289 656 1306; x_wconf 86' lang='lat'><strong>·</strong></span> <span class='ocrx_word' id='word_1_37' title='bbox 685 1299 686 1304; x_wconf 14' lang='lat' dir='ltr'>a</span> <span class='ocrx_word' id='word_1_38' title='bbox 726 1243 859 1352; x_wconf 83' lang='lat' dir='ltr'>patior</span> <span class='ocrx_word' id='word_1_39' title='bbox 877 1236 1166 1350; x_wconf 88' lang='lat' dir='ltr'>supposrtitiam</span> <span class='ocrx_word' id='word_1_40' title='bbox 1198 1232 1440 1342; x_wconf 82' lang='lat' dir='ltr'>Scytharum</span> <span class='ocrx_word' id='word_1_41' title='bbox 1460 1233 1766 1349; x_wconf 83' lang='lat' dir='ltr'>esseprolem,</span> <span class='ocrx_word' id='word_1_42' title='bbox 1799 1237 1878 1324; x_wconf 82' lang='lat' dir='ltr'>iam</span> <span class='ocrx_word' id='word_1_43' title='bbox 1901 1240 1984 1326; x_wconf 88' lang='lat' dir='ltr'>sru.</span> 
     </span>
     <span class='ocr_line' id='line_1_7' title="bbox 726 1361 1987 1480; baseline 0.002 -26"><span class='ocrx_word' id='word_1_44' title='bbox 726 1371 949 1472; x_wconf 67' lang='lat' dir='ltr'>eburneum</span> <span class='ocrx_word' id='word_1_45' title='bbox 968 1361 1130 1470; x_wconf 88' lang='lat' dir='ltr'>refer0‚</span> <span class='ocrx_word' id='word_1_46' title='bbox 1166 1367 1273 1479; x_wconf 91' lang='lat' dir='ltr'>quod</span> <span class='ocrx_word' id='word_1_47' title='bbox 1291 1366 1451 1453; x_wconf 90' lang='lat' dir='ltr'>turbari</span> <span class='ocrx_word' id='word_1_48' title='bbox 1467 1367 1611 1480; x_wconf 86' lang='lat' dir='ltr'>stirpes</span> <span class='ocrx_word' id='word_1_49' title='bbox 1631 1371 1674 1455; x_wconf 90' lang='lat'>&amp;</span> <span class='ocrx_word' id='word_1_50' title='bbox 1693 1365 1811 1453; x_wconf 89' lang='lat' dir='ltr'>inseri</span> <span class='ocrx_word' id='word_1_51' title='bbox 1829 1371 1987 1458; x_wconf 86' lang='lat' dir='ltr'>nobilis-</span> 
     </span>
     <span class='ocr_line' id='line_1_8' title="bbox 727 1491 1999 1612; baseline -0.001 -25"><span class='ocrx_word' id='word_1_52' title='bbox 727 1501 873 1587; x_wconf 86' lang='lat' dir='ltr'>srmam</span> <span class='ocrx_word' id='word_1_53' title='bbox 888 1497 1018 1610; x_wconf 87' lang='lat' dir='ltr'>perse</span> <span class='ocrx_word' id='word_1_54' title='bbox 1038 1519 1200 1610; x_wconf 83' lang='lat' dir='ltr'>gentem</span> <span class='ocrx_word' id='word_1_55' title='bbox 1217 1495 1356 1584; x_wconf 90' lang='lat' dir='ltr'>alienis</span> <span class='ocrx_word' id='word_1_56' title='bbox 1373 1500 1535 1612; x_wconf 90' lang='lat' dir='ltr'>populis</span> <span class='ocrx_word' id='word_1_57' title='bbox 1551 1522 1635 1586; x_wconf 89' lang='lat' dir='ltr'>nou</span> <span class='ocrx_word' id='word_1_58' title='bbox 1651 1491 1929 1586; x_wconf 80' lang='lat' dir='ltr'>finoSimulet</span> <span class='ocrx_word' id='word_1_59' title='bbox 1943 1504 1999 1590; x_wconf 83' lang='lat' dir='ltr'>is..</span> 
     </span>
     <span class='ocr_line' id='line_1_9' title="bbox 727 1621 1986 1744; baseline 0.001 -26"><span class='ocrx_word' id='word_1_60' title='bbox 727 1630 796 1718; x_wconf 87' lang='lat' dir='ltr'>lud</span> <span class='ocrx_word' id='word_1_61' title='bbox 814 1654 966 1740; x_wconf 82' lang='lat' dir='ltr'>operae</span> <span class='ocrx_word' id='word_1_62' title='bbox 981 1629 1159 1742; x_wconf 81' lang='lat' dir='ltr'>pretium</span> <span class='ocrx_word' id='word_1_63' title='bbox 1184 1627 1287 1712; x_wconf 81' lang='lat' dir='ltr'>facio</span> <span class='ocrx_word' id='word_1_64' title='bbox 1311 1690 1323 1732; x_wconf 98' lang='lat'>,</span> <span class='ocrx_word' id='word_1_65' title='bbox 1356 1629 1467 1740; x_wconf 86' lang='lat' dir='ltr'>quod</span> <span class='ocrx_word' id='word_1_66' title='bbox 1485 1628 1535 1714; x_wconf 90' lang='lat' dir='ltr'>de</span> <span class='ocrx_word' id='word_1_67' title='bbox 1558 1621 1608 1714; x_wconf 76' lang='lat' dir='ltr'>e&#39;a</span> <span class='ocrx_word' id='word_1_68' title='bbox 1633 1628 1821 1744; x_wconf 83' lang='lat' dir='ltr'>regione,</span> <span class='ocrx_word' id='word_1_69' title='bbox 1844 1657 1986 1742; x_wconf 75' lang='lat' dir='ltr'>quaes</span> 
     </span>
     <span class='ocr_line' id='line_1_10' title="bbox 646 1757 2015 1872; baseline -0.001 -22"><span class='ocrx_word' id='word_1_70' title='bbox 646 1765 650 1768; x_wconf 79' lang='grc'><strong>’</strong></span> <span class='ocrx_word' id='word_1_71' title='bbox 729 1759 930 1872; x_wconf 88' lang='lat' dir='ltr'>Scythico</span> <span class='ocrx_word' id='word_1_72' title='bbox 948 1761 1112 1845; x_wconf 88' lang='lat' dir='ltr'>nomine</span> <span class='ocrx_word' id='word_1_73' title='bbox 1130 1757 1549 1869; x_wconf 84' lang='lat' dir='ltr'>antiquitus&#39;nobilitata</span> <span class='ocrx_word' id='word_1_74' title='bbox 1567 1757 1670 1866; x_wconf 90' lang='lat' dir='ltr'>snit,</span> <span class='ocrx_word' id='word_1_75' title='bbox 1696 1783 1801 1844; x_wconf 91' lang='lat' dir='ltr'>nunc</span> <span class='ocrx_word' id='word_1_76' title='bbox 1817 1760 1985 1850; x_wconf 85' lang='lat' dir='ltr'>acceffio</span> <span class='ocrx_word' id='word_1_77' title='bbox 2010 1855 2015 1866; x_wconf 55' lang='grc'><strong>,</strong></span> 
     </span>
     <span class='ocr_line' id='line_1_11' title="bbox 634 1887 1982 2005; baseline 0 -27"><span class='ocrx_word' id='word_1_78' title='bbox 634 1887 642 1898; x_wconf 80' lang='lat'>&#39;</span> <span class='ocrx_word' id='word_1_79' title='bbox 727 1892 900 2005; x_wconf 88' lang='lat' dir='ltr'>ingentis</span> <span class='ocrx_word' id='word_1_80' title='bbox 916 1887 1130 1979; x_wconf 85' lang='lat' dir='ltr'>Russorum</span> <span class='ocrx_word' id='word_1_81' title='bbox 1144 1887 1304 1998; x_wconf 90' lang='lat' dir='ltr'>imperii</span> <span class='ocrx_word' id='word_1_82' title='bbox 1319 1887 1391 1996; x_wconf 85' lang='lat' dir='ltr'>est,</span> <span class='ocrx_word' id='word_1_83' title='bbox 1421 1889 1669 2002; x_wconf 84' lang='lat' dir='ltr'>exquirendo</span> <span class='ocrx_word' id='word_1_84' title='bbox 1698 1908 1879 1978; x_wconf 76' lang='lat' dir='ltr'>veterem</span> <span class='ocrx_word' id='word_1_85' title='bbox 1899 1918 1982 1978; x_wconf 89' lang='lat' dir='ltr'>me-</span> 
     </span>
     <span class='ocr_line' id='line_1_12' title="bbox 633 2019 1987 2132; baseline 0.001 -24"><span class='ocrx_word' id='word_1_86' title='bbox 633 2039 636 2050; x_wconf 85' lang='lat'><em>·</em></span> <span class='ocrx_word' id='word_1_87' title='bbox 726 2025 904 2109; x_wconf 87' lang='lat' dir='ltr'>moriam</span> <span class='ocrx_word' id='word_1_88' title='bbox 923 2020 1041 2109; x_wconf 90' lang='lat' dir='ltr'>elicio</span> <span class='ocrx_word' id='word_1_89' title='bbox 1060 2023 1104 2108; x_wconf 69' lang='grc' dir='ltr'><strong><em>ἃ</em></strong></span> <span class='ocrx_word' id='word_1_90' title='bbox 1121 2019 1222 2130; x_wconf 84' lang='lat' dir='ltr'>quast</span> <span class='ocrx_word' id='word_1_91' title='bbox 1236 2019 1436 2128; x_wconf 85' lang='lat' dir='ltr'><strong>exprimo,</strong></span> <span class='ocrx_word' id='word_1_92' title='bbox 1454 2020 1565 2132; x_wconf 91' lang='lat' dir='ltr'>quod</span> <span class='ocrx_word' id='word_1_93' title='bbox 1585 2039 1652 2107; x_wconf 85' lang='lat' dir='ltr'>aut</span> <span class='ocrx_word' id='word_1_94' title='bbox 1669 2029 1811 2105; x_wconf 81' lang='lat' dir='ltr'>uerum</span> <span class='ocrx_word' id='word_1_95' title='bbox 1829 2021 1897 2130; x_wconf 88' lang='lat' dir='ltr'>fit,</span> <span class='ocrx_word' id='word_1_96' title='bbox 1925 2043 1987 2110; x_wconf 87' lang='lat' dir='ltr'>aut</span> 
     </span>
     <span class='ocr_line' id='line_1_13' title="bbox 727 2150 1986 2263; baseline 0 -25"><span class='ocrx_word' id='word_1_97' title='bbox 727 2153 777 2240; x_wconf 86' lang='lat' dir='ltr'>ad</span> <span class='ocrx_word' id='word_1_98' title='bbox 811 2155 1018 2238; x_wconf 82' lang='lat' dir='ltr'>veritatem</span> <span class='ocrx_word' id='word_1_99' title='bbox 1042 2176 1166 2263; x_wconf 90' lang='lat' dir='ltr'>quam</span> <span class='ocrx_word' id='word_1_100' title='bbox 1200 2150 1388 2260; x_wconf 83' lang='lat' dir='ltr'><strong>proxime</strong></span> <span class='ocrx_word' id='word_1_101' title='bbox 1416 2151 1613 2252; x_wconf 79' lang='lat' dir='ltr'><strong>accedat,</strong></span> <span class='ocrx_word' id='word_1_102' title='bbox 1642 2175 1692 2235; x_wconf 88' lang='lat' dir='ltr'>ne</span> <span class='ocrx_word' id='word_1_103' title='bbox 1720 2151 1887 2257; x_wconf 90' lang='lat' dir='ltr'>dicam,</span> <span class='ocrx_word' id='word_1_104' title='bbox 1918 2155 1986 2238; x_wconf 84' lang='lat' dir='ltr'>illis</span> 
     </span>
     <span class='ocr_line' id='line_1_14' title="bbox 725 2271 1986 2415; baseline -0.001 -48"><span class='ocrx_word' id='word_1_105' title='bbox 725 2306 794 2367; x_wconf 89' lang='lat' dir='ltr'>me</span> <span class='ocrx_word' id='word_1_106' title='bbox 813 2281 1040 2368; x_wconf 88' lang='lat' dir='ltr'>adiumento</span> <span class='ocrx_word' id='word_1_107' title='bbox 1053 2278 1149 2386; x_wconf 87' lang='lat' dir='ltr'>esse,</span> <span class='ocrx_word' id='word_1_108' title='bbox 1172 2281 1239 2393; x_wconf 90' lang='lat' dir='ltr'>qui</span> <span class='ocrx_word' id='word_1_109' title='bbox 1256 2280 1297 2364; x_wconf 92' lang='lat' dir='ltr'>in</span> <span class='ocrx_word' id='word_1_110' title='bbox 1314 2271 1562 2368; x_wconf 83' lang='lat' dir='ltr'>edifferendis</span> <span class='ocrx_word' id='word_1_111' title='bbox 1578 2271 1986 2415; x_wconf 75' lang='lat' dir='ltr'>Hungarorum,1’o-</span> 
     </span>
     <span class='ocr_line' id='line_1_15' title="bbox 724 2401 1982 2523; baseline -0.003 -24"><span class='ocrx_word' id='word_1_112' title='bbox 724 2413 912 2499; x_wconf 85' lang='lat' dir='ltr'>sonorum</span> <span class='ocrx_word' id='word_1_113' title='bbox 931 2409 1250 2515; x_wconf 84' lang='lat' dir='ltr'>,Tartarorum,</span> <span class='ocrx_word' id='word_1_114' title='bbox 1257 2407 1512 2517; x_wconf 83' lang='lat' dir='ltr'>Turcarum,</span> <span class='ocrx_word' id='word_1_115' title='bbox 1539 2409 1791 2521; x_wconf 88' lang='lat' dir='ltr'>aliorumque</span> <span class='ocrx_word' id='word_1_116' title='bbox 1802 2401 1982 2523; x_wconf 83' lang='lat' dir='ltr'>populo-</span> 
     </span>
    </p>
   </div>
   <div class='ocr_carea' id='block_1_3' title="bbox 585 2536 1987 2652">
    <p class='ocr_par' dir='ltr' id='par_1_3' title="bbox 585 2536 1987 2652">
     <span class='ocr_line' id='line_1_16' title="bbox 585 2536 1987 2652; baseline 0.001 -28"><span class='ocrx_word' id='word_1_117' title='bbox 585 2585 587 2590; x_wconf 79' lang='lat'><em>.</em></span> <span class='ocrx_word' id='word_1_118' title='bbox 609 2589 612 2594; x_wconf 68' lang='lat'>,</span> <span class='ocrx_word' id='word_1_119' title='bbox 653 2605 657 2614; x_wconf 87' lang='lat'><em>.</em></span> <span class='ocrx_word' id='word_1_120' title='bbox 725 2567 817 2626; x_wconf 87' lang='lat' dir='ltr'>rum</span> <span class='ocrx_word' id='word_1_121' title='bbox 835 2538 1077 2652; x_wconf 83' lang='lat' dir='ltr'>originibus,</span> <span class='ocrx_word' id='word_1_122' title='bbox 1100 2541 1151 2624; x_wconf 88' lang='lat' dir='ltr'>ad</span> <span class='ocrx_word' id='word_1_123' title='bbox 1171 2536 1343 2649; x_wconf 81' lang='lat' dir='ltr'>Scythas</span> <span class='ocrx_word' id='word_1_124' title='bbox 1361 2543 1482 2630; x_wconf 75' lang='lat' dir='ltr'>veluti</span> <span class='ocrx_word' id='word_1_125' title='bbox 1494 2541 1728 2652; x_wconf 87' lang='lat' dir='ltr'>tempestate</span> <span class='ocrx_word' id='word_1_126' title='bbox 1746 2539 1987 2648; x_wconf 68' lang='lat' dir='ltr'>delaturam</span> 
     </span>
    </p>
   </div>
   <div class='ocr_carea' id='block_1_4' title="bbox 651 2667 1983 2912">
    <p class='ocr_par' dir='ltr' id='par_1_4' title="bbox 651 2667 1983 2912">
     <span class='ocr_line' id='line_1_17' title="bbox 651 2667 1380 2786; baseline -0.003 -27"><span class='ocrx_word' id='word_1_127' title='bbox 651 2754 655 2772; x_wconf 77' lang='grc'>,</span> <span class='ocrx_word' id='word_1_128' title='bbox 725 2697 844 2786; x_wconf 89' lang='lat' dir='ltr'>quam</span> <span class='ocrx_word' id='word_1_129' title='bbox 869 2671 919 2754; x_wconf 87' lang='lat' dir='ltr'>ad</span> <span class='ocrx_word' id='word_1_130' title='bbox 936 2667 1073 2756; x_wconf 82' lang='lat' dir='ltr'>saxum</span> <span class='ocrx_word' id='word_1_131' title='bbox 1090 2669 1380 2756; x_wconf 83' lang='lat' dir='ltr'>adhaerescunt.</span> 
     </span>
     <span class='ocr_line' id='line_1_18' title="bbox 842 2783 1983 2912; baseline -0.005 -22"><span class='ocrx_word' id='word_1_132' title='bbox 842 2797 957 2890; x_wconf 88' lang='lat' dir='ltr'>Nam</span> <span class='ocrx_word' id='word_1_133' title='bbox 969 2801 1069 2910; x_wconf 90' lang='lat' dir='ltr'>,qui</span> <span class='ocrx_word' id='word_1_134' title='bbox 1087 2822 1177 2885; x_wconf 89' lang='lat' dir='ltr'>ante</span> <span class='ocrx_word' id='word_1_135' title='bbox 1189 2825 1264 2886; x_wconf 90' lang='lat' dir='ltr'>nos</span> <span class='ocrx_word' id='word_1_136' title='bbox 1281 2802 1333 2888; x_wconf 91' lang='lat' dir='ltr'>de</span> <span class='ocrx_word' id='word_1_137' title='bbox 1351 2798 1548 2912; x_wconf 83' lang='lat' dir='ltr'>Scythicis</span> <span class='ocrx_word' id='word_1_138' title='bbox 1574 2799 1694 2888; x_wconf 89' lang='lat' dir='ltr'>rebus</span> <span class='ocrx_word' id='word_1_139' title='bbox 1721 2783 1983 2886; x_wconf 85' lang='lat' dir='ltr'>commentati</span> 
     </span>
    </p>
   </div>
   <div class='ocr_carea' id='block_1_5' title="bbox 602 2929 1981 3046">
    <p class='ocr_par' dir='ltr' id='par_1_5' title="bbox 602 2929 1981 3046">
     <span class='ocr_line' id='line_1_19' title="bbox 602 2929 1981 3046; baseline -0.001 -29"><span class='ocrx_word' id='word_1_140' title='bbox 602 2949 604 2956; x_wconf 86' lang='grc'><strong>’</strong></span> <span class='ocrx_word' id='word_1_141' title='bbox 721 2929 809 3018; x_wconf 91' lang='lat' dir='ltr'>sunt</span> <span class='ocrx_word' id='word_1_142' title='bbox 829 2955 940 3035; x_wconf 81' lang='lat' dir='ltr'>,uno</span> <span class='ocrx_word' id='word_1_143' title='bbox 967 2930 1106 3042; x_wconf 86' lang='lat' dir='ltr'>insrgni</span> <span class='ocrx_word' id='word_1_144' title='bbox 1134 2935 1310 3016; x_wconf 81' lang='lat' dir='ltr'>maxime</span> <span class='ocrx_word' id='word_1_145' title='bbox 1331 2957 1467 3018; x_wconf 89' lang='lat' dir='ltr'>errore</span> <span class='ocrx_word' id='word_1_146' title='bbox 1491 2932 1691 3046; x_wconf 85' lang='lat' dir='ltr'>implicati</span> <span class='ocrx_word' id='word_1_147' title='bbox 1709 2930 1981 3041; x_wconf 66' lang='lat' dir='ltr'>constrictique</span> 
     </span>
    </p>
   </div>
   <div class='ocr_carea' id='block_1_6' title="bbox 666 3055 1982 3570">
    <p class='ocr_par' dir='ltr' id='par_1_6' title="bbox 666 3055 1982 3570">
     <span class='ocr_line' id='line_1_20' title="bbox 666 3055 1977 3173; baseline 0 -28"><span class='ocrx_word' id='word_1_148' title='bbox 666 3157 672 3167; x_wconf 32' lang='lat'>¹</span> <span class='ocrx_word' id='word_1_149' title='bbox 723 3059 900 3164; x_wconf 87' lang='lat' dir='ltr'>suerunt,</span> <span class='ocrx_word' id='word_1_150' title='bbox 926 3087 949 3144; x_wconf 84' lang='lat' dir='ltr'>a</span> <span class='ocrx_word' id='word_1_151' title='bbox 974 3086 1053 3171; x_wconf 87' lang='lat' dir='ltr'>quo</span> <span class='ocrx_word' id='word_1_152' title='bbox 1070 3059 1139 3146; x_wconf 87' lang='lat' dir='ltr'>nifi</span> <span class='ocrx_word' id='word_1_153' title='bbox 1153 3055 1438 3170; x_wconf 90' lang='lat' dir='ltr'>prouidemus,</span> <span class='ocrx_word' id='word_1_154' title='bbox 1457 3065 1590 3149; x_wconf 84' lang='lat' dir='ltr'>oleum</span> <span class='ocrx_word' id='word_1_155' title='bbox 1606 3067 1648 3149; x_wconf 84' lang='lat' dir='ltr'>dt</span> <span class='ocrx_word' id='word_1_156' title='bbox 1668 3087 1836 3173; x_wconf 89' lang='lat' dir='ltr'>operam</span> <span class='ocrx_word' id='word_1_157' title='bbox 1858 3062 1898 3146; x_wconf 90' lang='lat' dir='ltr'>in</span> <span class='ocrx_word' id='word_1_158' title='bbox 1916 3087 1977 3145; x_wconf 89' lang='lat' dir='ltr'>re-</span> 
     </span>
     <span class='ocr_line' id='line_1_21' title="bbox 723 3189 1978 3304; baseline -0.005 -24"><span class='ocrx_word' id='word_1_159' title='bbox 723 3189 910 3280; x_wconf 86' lang='lat' dir='ltr'>stituenda</span> <span class='ocrx_word' id='word_1_160' title='bbox 926 3192 1050 3292; x_wconf 77' lang='lat' dir='ltr'>ueteri</span> <span class='ocrx_word' id='word_1_161' title='bbox 1075 3192 1203 3298; x_wconf 84' lang='lat' dir='ltr'>gentis</span> <span class='ocrx_word' id='word_1_162' title='bbox 1226 3194 1324 3278; x_wconf 85' lang='lat' dir='ltr'>illius</span> <span class='ocrx_word' id='word_1_163' title='bbox 1355 3196 1553 3280; x_wconf 87' lang='lat' dir='ltr'>memoria</span> <span class='ocrx_word' id='word_1_164' title='bbox 1570 3194 1803 3304; x_wconf 85' lang='lat' dir='ltr'>perdimus,</span> <span class='ocrx_word' id='word_1_165' title='bbox 1834 3192 1978 3278; x_wconf 86' lang='lat' dir='ltr'>multo-</span> 
     </span>
     <span class='ocr_line' id='line_1_22' title="bbox 721 3323 1982 3438; baseline 0 -32"><span class='ocrx_word' id='word_1_166' title='bbox 721 3348 891 3435; x_wconf 86' lang='lat' dir='ltr'>¹rumque</span> <span class='ocrx_word' id='word_1_167' title='bbox 911 3323 1082 3406; x_wconf 82' lang='lat' dir='ltr'>aliorum</span> <span class='ocrx_word' id='word_1_168' title='bbox 1098 3323 1349 3432; x_wconf 90' lang='lat' dir='ltr'>populorum</span> <span class='ocrx_word' id='word_1_169' title='bbox 1372 3325 1549 3438; x_wconf 88' lang='lat' dir='ltr'>origines</span> <span class='ocrx_word' id='word_1_170' title='bbox 1570 3343 1636 3411; x_wconf 93' lang='lat' dir='ltr'>aut</span> <span class='ocrx_word' id='word_1_171' title='bbox 1659 3323 1850 3434; x_wconf 85' lang='lat' dir='ltr'>proxima</span> <span class='ocrx_word' id='word_1_172' title='bbox 1866 3323 1982 3434; x_wconf 86' lang='lat' dir='ltr'>origi·</span> 
     </span>
     <span class='ocr_line' id='line_1_23' title="bbox 721 3453 1975 3570; baseline -0.006 -26"><span class='ocrx_word' id='word_1_173' title='bbox 721 3457 835 3544; x_wconf 85' lang='lat' dir='ltr'>nibus</span> <span class='ocrx_word' id='word_1_174' title='bbox 850 3453 1162 3564; x_wconf 79' lang='lat' dir='ltr'>coinquinamus.</span> <span class='ocrx_word' id='word_1_175' title='bbox 1227 3453 1432 3540; x_wconf 88' lang='lat' dir='ltr'>Multos&amp;</span> <span class='ocrx_word' id='word_1_176' title='bbox 1448 3455 1740 3566; x_wconf 84' lang='lat' dir='ltr'>magnosviros</span> <span class='ocrx_word' id='word_1_177' title='bbox 1758 3455 1876 3570; x_wconf 81' lang='lat' dir='ltr'>citare</span> <span class='ocrx_word' id='word_1_178' title='bbox 1885 3477 1975 3560; x_wconf 86' lang='lat' dir='ltr'>pos-</span> 
     </span>
    </p>
   </div>
   <div class='ocr_carea' id='block_1_7' title="bbox 518 3581 1981 3695">
    <p class='ocr_par' dir='ltr' id='par_1_7' title="bbox 518 3581 1981 3695">
     <span class='ocr_line' id='line_1_24' title="bbox 518 3581 1981 3695; baseline -0.001 -25"><span class='ocrx_word' id='word_1_179' title='bbox 518 3583 520 3586; x_wconf 77' lang='grc'><strong>’</strong></span> <span class='ocrx_word' id='word_1_180' title='bbox 647 3633 650 3638; x_wconf 75' lang='lat'>,</span> <span class='ocrx_word' id='word_1_181' title='bbox 720 3585 862 3686; x_wconf 86' lang='lat' dir='ltr'>sem,ni</span> <span class='ocrx_word' id='word_1_182' title='bbox 879 3582 1087 3687; x_wconf 76' lang='lat' dir='ltr'>samosat,</span> <span class='ocrx_word' id='word_1_183' title='bbox 1115 3607 1257 3670; x_wconf 82' lang='lat' dir='ltr'>eorum</span> <span class='ocrx_word' id='word_1_184' title='bbox 1273 3585 1467 3692; x_wconf 90' lang='lat' dir='ltr'>nomina,</span> <span class='ocrx_word' id='word_1_185' title='bbox 1500 3609 1552 3670; x_wconf 83' lang='lat' dir='ltr'>ex</span> <span class='ocrx_word' id='word_1_186' title='bbox 1580 3581 1720 3695; x_wconf 85' lang='lat' dir='ltr'>quibus</span> <span class='ocrx_word' id='word_1_187' title='bbox 1746 3582 1981 3694; x_wconf 86' lang='lat' dir='ltr'>quotidiein</span> 
     </span>
    </p>
   </div>
   <div class='ocr_carea' id='block_1_8' title="bbox 592 3712 1990 4650">
    <p class='ocr_par' dir='ltr' id='par_1_8' title="bbox 592 3712 1990 4614">
     <span class='ocr_line' id='line_1_25' title="bbox 723 3712 1977 3823; baseline -0.002 -24"><span class='ocrx_word' id='word_1_188' title='bbox 723 3715 806 3800; x_wconf 86' lang='lat' dir='ltr'>aliis</span> <span class='ocrx_word' id='word_1_189' title='bbox 833 3713 1104 3823; x_wconf 85' lang='lat' dir='ltr'>proficimus,</span> <span class='ocrx_word' id='word_1_190' title='bbox 1141 3715 1184 3798; x_wconf 92' lang='lat' dir='ltr'>in</span> <span class='ocrx_word' id='word_1_191' title='bbox 1210 3713 1287 3798; x_wconf 88' lang='lat' dir='ltr'>hac</span> <span class='ocrx_word' id='word_1_192' title='bbox 1314 3715 1570 3802; x_wconf 78' lang='lat' dir='ltr'>aberratione</span> <span class='ocrx_word' id='word_1_193' title='bbox 1592 3713 1749 3802; x_wconf 81' lang='lat' dir='ltr'>silentio</span> <span class='ocrx_word' id='word_1_194' title='bbox 1771 3712 1977 3822; x_wconf 88' lang='lat' dir='ltr'>obtegere,</span> 
     </span>
     <span class='ocr_line' id='line_1_26' title="bbox 718 3841 1974 3956; baseline -0.002 -28"><span class='ocrx_word' id='word_1_195' title='bbox 718 3871 839 3956; x_wconf 87' lang='lat' dir='ltr'>quam</span> <span class='ocrx_word' id='word_1_196' title='bbox 860 3842 961 3954; x_wconf 81' lang='lat' dir='ltr'>quast</span> <span class='ocrx_word' id='word_1_197' title='bbox 981 3867 1180 3954; x_wconf 87' lang='lat' dir='ltr'>pompam</span> <span class='ocrx_word' id='word_1_198' title='bbox 1193 3841 1269 3928; x_wconf 85' lang='lat' dir='ltr'>hac</span> <span class='ocrx_word' id='word_1_199' title='bbox 1287 3844 1610 3956; x_wconf 85' lang='lat' dir='ltr'>praeterducere.</span> <span class='ocrx_word' id='word_1_200' title='bbox 1659 3843 1890 3936; x_wconf 83' lang='lat' dir='ltr'>Extendunt</span> <span class='ocrx_word' id='word_1_201' title='bbox 1906 3868 1974 3926; x_wconf 86' lang='lat' dir='ltr'>au·</span> 
     </span>
     <span class='ocr_line' id='line_1_27' title="bbox 719 3969 1990 4087; baseline -0.002 -24"><span class='ocrx_word' id='word_1_202' title='bbox 719 3995 802 4063; x_wconf 89' lang='lat' dir='ltr'>tem</span> <span class='ocrx_word' id='word_1_203' title='bbox 820 3971 1052 4084; x_wconf 85' lang='lat' dir='ltr'>Scytbicum</span> <span class='ocrx_word' id='word_1_204' title='bbox 1068 3999 1219 4061; x_wconf 91' lang='lat' dir='ltr'>nomen</span> <span class='ocrx_word' id='word_1_205' title='bbox 1232 3975 1450 4064; x_wconf 71' lang='lat' dir='ltr'>uastissimis</span> <span class='ocrx_word' id='word_1_206' title='bbox 1463 3990 1657 4062; x_wconf 85' lang='lat' dir='ltr'>terrarum</span> <span class='ocrx_word' id='word_1_207' title='bbox 1673 3973 1801 4087; x_wconf 88' lang='lat' dir='ltr'>spatiis</span> <span class='ocrx_word' id='word_1_208' title='bbox 1819 3971 1871 4057; x_wconf 87' lang='lat' dir='ltr'>ab</span> <span class='ocrx_word' id='word_1_209' title='bbox 1884 3969 1990 4064; x_wconf 82' lang='lat' dir='ltr'>lstri.</span> 
     </span>
     <span class='ocr_line' id='line_1_28' title="bbox 720 4103 1978 4218; baseline -0.003 -28"><span class='ocrx_word' id='word_1_210' title='bbox 720 4103 1025 4218; x_wconf 90' lang='lat' dir='ltr'>propemodum</span> <span class='ocrx_word' id='word_1_211' title='bbox 1043 4103 1217 4192; x_wconf 88' lang='lat' dir='ltr'>sontibus</span> <span class='ocrx_word' id='word_1_212' title='bbox 1236 4109 1278 4192; x_wconf 76' lang='grc' dir='ltr'>δι</span> <span class='ocrx_word' id='word_1_213' title='bbox 1295 4107 1451 4196; x_wconf 85' lang='lat' dir='ltr'>Vistula</span> <span class='ocrx_word' id='word_1_214' title='bbox 1464 4105 1699 4215; x_wconf 84' lang='lat' dir='ltr'>Basticoque</span> <span class='ocrx_word' id='word_1_215' title='bbox 1719 4103 1845 4209; x_wconf 87' lang='lat' dir='ltr'>mari,</span> <span class='ocrx_word' id='word_1_216' title='bbox 1869 4103 1978 4189; x_wconf 81' lang='lat' dir='ltr'>iuxta</span> 
     </span>
     <span class='ocr_line' id='line_1_29' title="bbox 592 4223 1978 4346; baseline -0.004 -23"><span class='ocrx_word' id='word_1_217' title='bbox 592 4279 595 4285; x_wconf 73' lang='lat'>,</span> <span class='ocrx_word' id='word_1_218' title='bbox 721 4233 934 4322; x_wconf 83' lang='lat' dir='ltr'>Oceanum</span> <span class='ocrx_word' id='word_1_219' title='bbox 958 4233 1326 4346; x_wconf 87' lang='lat' dir='ltr'>septemtrionalem</span> <span class='ocrx_word' id='word_1_220' title='bbox 1353 4231 1606 4324; x_wconf 88' lang='lat' dir='ltr'>&amp;Pontum</span> <span class='ocrx_word' id='word_1_221' title='bbox 1641 4223 1841 4322; x_wconf 64' lang='lat' dir='ltr'>Euxinum</span> <span class='ocrx_word' id='word_1_222' title='bbox 1877 4230 1978 4321; x_wconf 86' lang='lat' dir='ltr'>Cas·</span> 
     </span>
     <span class='ocr_line' id='line_1_30' title="bbox 719 4364 1978 4476; baseline 0.001 -30"><span class='ocrx_word' id='word_1_223' title='bbox 719 4369 912 4476; x_wconf 86' lang='lat' dir='ltr'>piumque</span> <span class='ocrx_word' id='word_1_224' title='bbox 927 4385 1074 4467; x_wconf 78' lang='lat' dir='ltr'>mare,</span> <span class='ocrx_word' id='word_1_225' title='bbox 1109 4389 1231 4474; x_wconf 80' lang='lat' dir='ltr'>usque</span> <span class='ocrx_word' id='word_1_226' title='bbox 1259 4368 1310 4451; x_wconf 87' lang='lat' dir='ltr'>ad</span> <span class='ocrx_word' id='word_1_227' title='bbox 1335 4379 1564 4454; x_wconf 74' lang='lat' dir='ltr'>extremum</span> <span class='ocrx_word' id='word_1_228' title='bbox 1583 4365 1792 4452; x_wconf 85' lang='lat' dir='ltr'>orientem</span> <span class='ocrx_word' id='word_1_229' title='bbox 1855 4364 1950 4452; x_wconf 82' lang='lat' dir='ltr'>Eo&#39;</span> <span class='ocrx_word' id='word_1_230' title='bbox 1938 4387 1978 4447; x_wconf 88' lang='lat' dir='ltr'>tn</span> 
     </span>
     <span class='ocr_line' id='line_1_31' title="bbox 719 4493 1978 4650; baseline -0.007 -65"><span class='ocrx_word' id='word_1_231' title='bbox 719 4518 857 4612; x_wconf 82' lang='lat' dir='ltr'>errore</span> <span class='ocrx_word' id='word_1_232' title='bbox 871 4495 1012 4582; x_wconf 85' lang='lat' dir='ltr'>uetusti</span> <span class='ocrx_word' id='word_1_233' title='bbox 1030 4519 1190 4609; x_wconf 82' lang='lat' dir='ltr'>quoque</span> <span class='ocrx_word' id='word_1_234' title='bbox 1214 4496 1431 4614; x_wconf 86' lang='lat' dir='ltr'>scriptores</span> <span class='ocrx_word' id='word_1_235' title='bbox 1455 4493 1736 4650; x_wconf 87' lang='lat' dir='ltr'>praelusetunt,</span> <span class='ocrx_word' id='word_1_236' title='bbox 1761 4496 1978 4603; x_wconf 85' lang='lat' dir='ltr'>nostrisque</span> 
     </span>
    </p>
   </div>
   <div class='ocr_carea' id='block_1_9' title="bbox 0 0 2180 5960">
    <p class='ocr_par' dir='ltr' id='par_1_9' title="bbox 0 0 2180 5960">
     <span class='ocr_line' id='line_1_32' title="bbox 0 0 2180 5960; baseline 0 0"><span class='ocrx_word' id='word_1_237' title='bbox 0 0 2180 5960; x_wconf 95' lang='lat' dir='ltr'> </span> 
     </span>
    </p>
   </div>
  </div>
 </body>
</html>
