4386 5980
672 517 1009 629 catenato.
1148 533 1166 585 ··
1279 501 1281 506 ’
1355 489 1453 660 ῳ

190 714 357 827 summo
370 730 538 821 eulmine
559 727 711 818 ferreae
730 733 877 844 pinnae
890 731 1226 844 conspiciebantur
1241 741 1331 826 etin
1351 742 1440 850 pin·

190 855 245 956 na
264 871 405 981 queuis
422 865 584 968 summe,
595 887 746 948 cornua
767 865 847 950 duo
865 866 936 949 fibi
949 865 1134 961 obuersa.
1178 871 1335 972 Valuae
1349 875 1455 968 clau·

126 1009 136 1032 '
185 1000 253 1088 sae
274 1019 417 1103 erant,
444 1018 698 1104 unaquaeque
721 996 1003 1108 quinquaginta
1030 994 1307 1108 cubitorum,
1329 1009 1443 1112 quln-

187 1159 270 1244 que
295 1125 429 1214 crassa.
494 1123 665 1212 Pelsulus
686 1150 845 1236 quoque
866 1128 1100 1218 cernebatur
1118 1134 1268 1242 septem
1295 1133 1452 1218 cubitos

188 1263 376 1371 longua,
410 1281 534 1341 unum
562 1257 603 1338 in
627 1256 783 1339 ambitu
810 1254 961 1344 crassae
1036 1257 1076 1344 ls
1108 1259 1279 1370 pessulus
1313 1261 1452 1374 viginti
1520 1254 1525 1266 ’

187 1393 360 1504 qtrinque
381 1387 521 1473 cubitis
547 1410 569 1466 a
594 1395 701 1470 terra'
721 1377 915 1493 aberatet
938 1383 1106 1500 quinque
1134 1391 1281 1476 cubitis
1303 1393 1450 1503 pessulo
1582 1383 1587 1402 '

187 1523 311 1607 altior
338 1517 420 1602 scra
440 1537 480 1602 et
506 1513 766 1626 clauis'longa
797 1519 972 1602 cubitum
995 1541 1119 1603 unum
1139 1545 1182 1606 et
1199 1520 1332 1629 semis,
1356 1545 1473 1606 cum*

150 1661 158 1668 '
188 1649 411 1737 duodecim
432 1645 530 1732 ansis
560 1643 611 1726 de
645 1661 784 1729 catena
805 1644 1078 1756 pendentibus.
1144 1649 1290 1736 Limen
1309 1671 1454 1762 portae

185 1785 362 1869 inferum
391 1776 532 1859 decem
561 1774 787 1860 cubitorum
817 1776 1023 1863 latitudine
1048 1777 1334 1888 erlongitudinc
1359 1806 1452 1862 cen·

187 1933 277 2002 tum
297 1903 768 1994 cubitorumfflraesettus
791 1906 948 1992 illarum
967 1897 1114 1992 arcium
1139 1935 1230 1993 cum
1256 1911 1396 1996 decem
1414 1936 1454 1993 e-

187 2043 364 2157 quitibus
380 2036 495 2122 obire
513 2035 641 2121 solitos
660 2055 843 2148 portam,
874 2057 916 2123 et
933 2038 1086 2124 mulleis
1108 2041 1292 2150 pessulum
1311 2029 1450 2152 percu·

184 2195 305 2278 tere,
339 2193 428 2257 tum
446 2189 490 2250 vt
511 2165 669 2252 audiant
691 2169 829 2276 populi
849 2171 952 2292 ultra
973 2192 1156 2276 portam,
1169 2171 1295 2257 adesse
1316 2172 1455 2258 custo-

186 2305 288 2406 deS,
314 2323 397 2388 tum
414 2319 459 2383 vt
473 2295 575 2408 ipsi,
600 2295 689 2408 quid
716 2321 902 2408 geratur,
926 2295 1114 2404 reiciant.
1186 2302 1368 2426 lbi'uero
1388 2299 1448 2384 se·
1496 2349 1502 2368 ·

184 2435 353 2539 rebant,
375 2428 413 2514 se
432 2429 603 2514 admotis
621 2428 803 2534 auribus,
833 2454 1017 2516 murmur¹
1042 2431 1350 2517 animaduertere
1384 2423 1455 2516 in·x

187 2569 320 2690 gentis
333 2560 564 2674 populi‚qui
579 2560 679 2644 ultra
698 2562 819 2652 colat,
884 2551 992 2642 Non
1004 2561 1166 2674 longca
1187 2565 1284 2650 loco
1303 2565 1372 2649 illo
1386 2588 1459 2648 ce·

183 2689 315 2785 strum
335 2721 358 2778 a
375 2689 415 2784 se
431 2687 556 2774 uisum
573 2687 714 2790 refert,
729 2690 872 2773 decem
885 2687 1104 2776 stadiorum
1135 2693 1393 2802 amplitudine
1409 2709 1454 2778 et

185 2851 304 2917 arces
320 2825 413 2910 duas
436 2841 568 2930 prope
585 2817 867 2929 porramplres
882 2815 1054 2928 latasque
1068 2819 1266 2906 ducentos
1279 2821 1453 2929 cubitos,

181 2961 366 3066 interque
380 2977 447 3037 eas
463 2947 627 3034 fluuium
645 2972 814 3032 manare.
879 2941 928 3034 Iu
947 2972 1027 3034 vna
1041 2975 1178 3037 earum
1196 2950 1378 3038 alseruuri
1395 2951 1453 3040 iu·

185 3091 424 3188 strumenta,
443 3077 587 3194 quibus
605 3079 839 3166 exstruttum
858 3077 904 3162 stt
926 3078 1273 3194 propugnaculum
1302 3102 1344 3167 et
1372 3081 1452 3166 ser.

122 3289 126 3298 .
180 3245 256 3306 rea
276 3213 453 3302 caldaria
466 3231 510 3296 et
527 3209 753 3294 cochlearia
774 3208 923 3310 adesse,
944 3211 1138 3320 inquibus
1168 3212 1313 3298 lateres
1332 3210 1452 3298 ferrei

183 3349 260 3438 finr
278 3341 470 3454 apparati.
534 3337 701 3428 Lateree
718 3362 876 3450 quoque
896 3339 1049 3450 aliquot
1065 3341 1116 3426 ab
1133 3338 1346 3427 Alsalemo
1364 3341 1451 3426 sunt

186 3478 274 3581 visi,
288 3467 532 3579 longitudine
549 3466 675 3552 cubiti
691 3469 804 3554 unius
820 3491 860 3552 et
883 3470 1060 3580 amplius,
1092 3475 1249 3582 palmae
1266 3493 1450 3556 autemn-

185 3611 279 3692 nius
298 3600 516 3689 altitudine.
577 3597 828 3710 Denique,vt
841 3596 971 3683 sabula
990 3601 1137 3686 definat
1150 3604 1189 3684 in
1206 3597 1350 3705 risum,
1385 3601 1450 3686 vi-

185 3735 271 3822 sam
292 3749 423 3818 narrat
443 3727 647 3840 aliquando
661 3727 775 3838 super
794 3727 922 3837 pinnis
943 3729 1452 3838 muri,multitudinemho-
1569 3789 1575 3802 .

188 3868 390 3952 minume
410 3879 523 3976 gente
542 3845 652 3966 Gogi
670 3881 712 3943 et
733 3858 925 3972 Magogi,
953 3887 1057 3972 quos
1076 3863 1173 3946 adeo
1200 3860 1448 3966 metuebant,

186 3996 326 4105 quibus
341 4015 445 4079 tanta
462 3989 624 4074 claustra
642 4052 652 4092 ,
674 4009 741 4074 tot
759 4011 870 4072 arces
889 4042 901 4092 ‚
935 4008 997 4074 rot
1014 4012 1139 4076 turres
1156 3990 1457 4101 opposueram·

186 4121 314 4208 ferrea
344 4145 383 4206 et
411 4145 531 4205 aenea
552 4119 693 4205 omnia
720 4175 734 4226 ,
780 4138 920 4202 contra
937 4146 1036 4231 quos
1057 4119 1294 4207 inaccessum
1313 4143 1451 4208 natura

185 4249 252 4338 sua
271 4272 454 4336 montem
466 4271 584 4333 muro
604 4267 644 4334 et
661 4271 745 4336 arte
763 4247 1044 4338 firmauerunt:
1073 4275 1216 4337 eorum
1232 4269 1362 4335 autem
1373 4274 1453 4338 tres

185 4403 310 4468 teoto
329 4381 500 4467 adflatos
519 4379 708 4468 decidisse
732 4382 782 4468 de
801 4380 950 4600 9ὼὲἱῖ
965 4381 1134 4599 kVltor
1160 4375 1286 4468 sortes
1306 4381 1448 4594 eriges·
1591 4489 1596 4498 Ι

380 4547 387 4557 .
1396 4533 1444 4592 0,
