4376 5952
721 533 814 642 54·
951 508 1055 604 nn
1116 501 1424 603 claraus
1473 417 1849 666 couroats

629 809 635 831 .
837 743 971 840 Schol.
1035 740 1346 833 Attendendnm
1361 745 1592 854 tamnu,
1609 773 1708 834 cum
1724 753 1846 863 dico,
1873 758 1981 850 uires

719 907 840 993 puras
859 877 1077 966 mensurari
1093 875 1207 996 polle
1224 904 1274 963 ex
1287 875 1497 964 effectibus
1513 877 1608 982 suis,
1636 883 1678 965 &
1705 884 1870 974 effectus
1902 918 1973 976 ta-

723 1014 830 1098 tiare
846 1037 928 1122 pro
943 1007 1212 1096 celeritatibus
1224 1007 1375 1096 uariis:
1411 1033 1580 1095 menon
1597 1009 1693 1096 ideo
1719 1015 1852 1104 statim
1875 1018 1972 1106 alse-

717 1145 834 1247 rere,
864 1143 971 1228 uires
983 1195 998 1247 ‚
1031 1139 1196 1226 effecius
1211 1143 1254 1228 &
1282 1137 1505 1226 celeritates
1525 1139 1605 1226 else
1631 1150 1983 1258 proportionales

716 1271 857 1361 Multae
866 1271 996 1359 ao'huc
1009 1271 1260 1356 difficultates
1272 1270 1528 1356 mvoluuntur
1538 1271 1732 1360 mensurae
1761 1277 1976 1366 effectuum

716 1404 952 1512 uariorum,
982 1405 1034 1488 de
1050 1399 1196 1514 quibus
1210 1401 1293 1486 hoc
1311 1401 1411 1486 loco
1429 1400 1570 1488 disere
1584 1402 1685 1518 nihil
1703 1410 1855 1504 minet

886 1551 891 1560 '
1063 1550 1065 1558 ’
1188 1524 1411 1620 Theorema
1438 1527 1505 1626 Π.

836 1658 884 1752 Si
902 1665 989 1752 duc
1009 1663 1120 1752 uires
1145 1663 1251 1749 uiuae
1290 1687 1402 1778 purte
1431 1663 1568 1748 eidem
1582 1668 1750 1777 corpori
1765 1659 1814 1754 A
1841 1672 1968 1760 inexi·

717 1793 859 1897 stentes
872 1797 930 1880 ita
949 1813 1092 1906 agant,
1123 1795 1166 1878 &
1188 1792 1241 1878 ad
1260 1793 1573 1906 producendum
1595 1795 1770 1908 aliquem
1811 1822 1975 1890 motum

713 1925 939 2011 absolutum
954 1943 1217 2030 concurrant,
1244 1941 1288 2007 ut
1305 1928 1483 2012 neutrius
1501 1944 1806 2012 motusmotum
1816 1931 1977 2018 alterius

715 2054 838 2142 insna
858 2054 1083 2162 directione
1104 2053 1149 2138 ὅτ
1167 2055 1378 2141 celeritate
1401 2076 1552 2171 augeat
1578 2054 1647 2142 uel
1667 2058 1849 2147 minuatt
1887 2053 1974 2146 urin

714 2186 825 2271 aiiio
850 2183 1080 2297 compofitt
1109 2183 1414 2275 exactionibus
1441 2188 1591 2274 virium
1606 2185 1769 2276 illarum
1785 2185 1972 2278 resultant

615 2381 618 2392 .
713 2313 774 2400 est
789 2315 949 2433 aequalis
968 2332 1199 2432 ¹aggregato
1215 2318 1419 2402 actionum
1438 2315 1694 2427 ungularum

672 2433 691 2456 ’
894 2437 898 2444 ’
1185 2441 1477 2562 Demostrato.

831 2571 963 2667 Actio
979 2575 1207 2691 composita
1226 2597 1291 2663 aut
1304 2575 1468 2687 aequalis
1485 2575 1543 2662 est
1561 2577 1976 2698 aggregato'fingulu-

644 2787 648 2796 .
712 2733 818 2818 mm,
833 2709 1298 2818 autmaior‚autminor.
1331 2703 1437 2798 Non
1451 2707 1698 2820 maionquia
1717 2731 1858 2799 neutra
1869 2715 1973 2801 alte·

712 2865 804 2928 ram
824 2862 971 2958 auget,
1007 2841 1107 2926 dum
1135 2841 1190 2926 ita
1208 2856 1475 2957 concurrunt,
1491 2856 1534 2922 ut
1547 2839 1723 2926 neutrius
1739 2859 1878 2928 motus
1897 2869 1974 2954 pet

712 2992 874 3060 motum
891 2975 1050 3059 alterius
1067 2971 1109 3054 in
1124 2965 1191 3056 sua
1211 2969 1437 3056 directione
1454 2968 1709 3056 &celeritate
1722 2995 1970 3081 promovea-

469 3179 472 3187 .
627 3113 636 3188 ζ
712 3120 788 3189 tur.
856 3099 960 3194 Non
976 3102 1142 3188 minor:
1180 3102 1271 3212 quia
1291 3119 1427 3186 neutra
1444 3101 1610 3186 alteram
1628 3100 1670 3186 in
1687 3099 1882 3187 concursu
1902 3100 1973 3192 suo

713 3230 905 3347 impedit,
926 3253 997 3322 aut
1013 3231 1267 3319 motumeius
1281 3229 1498 3318 inminuit
1565 3228 1694 3358 Igitur
1709 3231 1768 3322 est
1792 3234 1969 3348 aequalis.

711 3361 762 3486 Q
819 3489 967 3590 Caroli,
999 3483 1212 3614 Quoniam
1230 3494 1274 3584 in
1292 3491 1444 3584 viribus
1456 3493 1562 3589 ,titis
1572 3495 1680 3612 puris
1699 3497 1879 3586 actiones
1898 3517 1969 3584 eo-

712 3622 1007 3732 demtempore
1026 3628 1209 3713 durantes
1226 3624 1313 3714 sunt
1335 3626 1397 3712 uti
1411 3625 1554 3737 uires,
1585 3653 1660 3740 per
1676 3625 1780 3716 Cor.
1813 3649 1856 3718 2.
1884 3615 1967 3718 def.

711 3751 790 3842 XI.
829 3751 956 3865 Igitur
973 3757 1015 3840 δι
1032 3754 1096 3838 uis
1112 3753 1418 3866 compositaex
1434 3753 1586 3845 duabus
1602 3753 1801 3842 eiusmodi
1818 3755 1969 3842 uiribus
2082 3751 2084 3759 ’

666 3919 673 3924 -
709 3877 969 3987 resultans,est
990 3881 1157 4000 aequalis
1173 3907 1398 4002 aggregato
1414 3885 1676 4000 smgularum.

652 4005 656 4018 '
824 4005 951 4098 Schul.
980 4013 1150 4128 Duplex
1174 4017 1285 4107 huius
1310 4014 1603 4104 Tlteorematis
1634 4011 1849 4124 applicatio
1888 4015 1968 4102 ell'e

710 4141 865 4256 potest,
889 4161 1057 4257 utraque
1070 4149 1277 4256 legitima,
1291 4149 1357 4232 sed
1373 4150 1495 4233 altera
1520 4163 1673 4230 tantum
1691 4145 1734 4230 in
1766 4141 1960 4255 sequenti-

711 4271 782 4357 bus
795 4275 1047 4367 attendenda.
1113 4275 1157 4362 Si
1173 4275 1342 4374 malfam
1358 4273 1551 4384 corporis
1569 4269 1618 4359 A
1637 4271 1846 4386 concipias
1863 4274 1966 4361 divi·
2058 4385 2063 4392 Ι

691 4403 793 4490 ,sam
809 4404 964 4492 induas
983 4421 1129 4518 partes,
1149 4423 1235 4487 num
1252 4401 1421 4490 habebis
1437 4401 1533 4490 duas
1545 4403 1657 4491 uires
1680 4402 1853 4492 vivasin
1886 4432 1959 4491 eo-

710 4535 807 4620 dem
825 4558 1026 4645 corpore‚
1044 4528 1112 4618 sed
1126 4555 1178 4618 cx
1191 4533 1347 4618 illarum
1368 4555 1650 4648 genere,quas
1668 4532 1745 4625 def.
1767 4529 1812 4628 8.
1833 4535 1964 4646 patal-

707 4661 803 4752 lelas
819 4665 885 4748 tel
902 4663 1114 4749 disiunctas
1131 4664 1391 4786 uocapimus3
1425 4684 1540 4776 atque
1552 4687 1605 4750 eo
1625 4666 1665 4750 in
1683 4661 1964 4776 casuperprae-

706 4794 790 4880 sens
806 4791 1015 4880 theorema
1034 4795 1292 4910 intelligitur,
1311 4796 1451 4909 pofitis
1465 4793 1717 4884 diversorum
1733 4818 1964 4908 corporum

721 4949 722 4954 ‘
1846 4921 1959 5012 ‘cele-
