<?xml version="1.0" encoding="UTF-8"?>
<!DOCTYPE html PUBLIC "-//W3C//DTD XHTML 1.0 Transitional//EN"
    "http://www.w3.org/TR/xhtml1/DTD/xhtml1-transitional.dtd">
<html xmlns="http://www.w3.org/1999/xhtml" xml:lang="en" lang="en">
 <head>
  <title>
</title>
<meta http-equiv="Content-Type" content="text/html;charset=utf-8" />
  <meta name='ocr-system' content='tesseract 3.04.00' />
  <meta name='ocr-capabilities' content='ocr_page ocr_carea ocr_par ocr_line ocrx_word'/>
</head>
<body>
  <div class='ocr_page' id='page_1' title='image "./commentariiacad02sssrgoog_0018.png"; bbox 0 0 4376 5952; ppageno 0'>
   <div class='ocr_carea' id='block_1_1' title="bbox 186 533 1659 2078">
    <p class='ocr_par' dir='ltr' id='par_1_1' title="bbox 186 533 1659 2078">
     <span class='ocr_line' id='line_1_1' title="bbox 196 533 1599 728; baseline 0.003 -50"><span class='ocrx_word' id='word_1_1' title='bbox 196 533 383 718; x_wconf 76' lang='lat' dir='ltr'><strong>nsque</strong></span> <span class='ocrx_word' id='word_1_2' title='bbox 402 534 928 728; x_wconf 79' lang='lat' dir='ltr'><strong>Academicorum,</strong></span> <span class='ocrx_word' id='word_1_3' title='bbox 949 549 1275 701; x_wconf 84' lang='lat' dir='ltr'><strong>iradilexit,</strong></span> <span class='ocrx_word' id='word_1_4' title='bbox 1288 581 1351 677; x_wconf 94' lang='lat' dir='ltr'><strong>ut</strong></span> <span class='ocrx_word' id='word_1_5' title='bbox 1367 559 1599 682; x_wconf 90' lang='lat' dir='ltr'><strong>insolito</strong></span> 
     </span>
     <span class='ocr_line' id='line_1_2' title="bbox 196 721 1596 890; baseline 0.003 -46"><span class='ocrx_word' id='word_1_6' title='bbox 196 724 434 886; x_wconf 90' lang='lat' dir='ltr'><strong>quidem</strong></span> <span class='ocrx_word' id='word_1_7' title='bbox 444 721 544 846; x_wconf 91' lang='lat' dir='ltr'><strong>sed</strong></span> <span class='ocrx_word' id='word_1_8' title='bbox 559 721 932 844; x_wconf 82' lang='lat' dir='ltr'>memorabili</span> <span class='ocrx_word' id='word_1_9' title='bbox 949 727 1228 890; x_wconf 87' lang='lat' dir='ltr'><strong>exemplo</strong></span> <span class='ocrx_word' id='word_1_10' title='bbox 1246 725 1596 851; x_wconf 85' lang='lat' dir='ltr'><strong>istiSocieta-</strong></span> 
     </span>
     <span class='ocr_line' id='line_1_3' title="bbox 197 891 1599 1020; baseline 0.001 -2"><span class='ocrx_word' id='word_1_11' title='bbox 197 905 239 1018; x_wconf 88' lang='lat' dir='ltr'><strong>ti</strong></span> <span class='ocrx_word' id='word_1_12' title='bbox 269 923 488 1019; x_wconf 88' lang='lat' dir='ltr'><strong>nomen</strong></span> <span class='ocrx_word' id='word_1_13' title='bbox 509 891 695 1015; x_wconf 82' lang='lat' dir='ltr'><strong>daret.</strong></span> <span class='ocrx_word' id='word_1_14' title='bbox 742 893 883 1016; x_wconf 91' lang='lat' dir='ltr'><strong>Non</strong></span> <span class='ocrx_word' id='word_1_15' title='bbox 937 897 1097 1012; x_wconf 86' lang='lat' dir='ltr'><strong>enim</strong></span> <span class='ocrx_word' id='word_1_16' title='bbox 1124 931 1159 1011; x_wconf 84' lang='lat' dir='ltr'><strong>a</strong></span> <span class='ocrx_word' id='word_1_17' title='bbox 1186 894 1490 1020; x_wconf 83' lang='lat' dir='ltr'><strong>Maiestate</strong></span> <span class='ocrx_word' id='word_1_18' title='bbox 1509 893 1599 1020; x_wconf 87' lang='lat' dir='ltr'><strong>sua</strong></span> 
     </span>
     <span class='ocr_line' id='line_1_4' title="bbox 196 1063 1599 1234; baseline 0.003 -48"><span class='ocrx_word' id='word_1_19' title='bbox 196 1070 447 1189; x_wconf 86' lang='lat' dir='ltr'><strong>alienum</strong></span> <span class='ocrx_word' id='word_1_20' title='bbox 473 1068 738 1234; x_wconf 82' lang='lat' dir='ltr'><strong>putavit,</strong></span> <span class='ocrx_word' id='word_1_21' title='bbox 773 1069 833 1182; x_wconf 94' lang='lat' dir='ltr'><strong>in</strong></span> <span class='ocrx_word' id='word_1_22' title='bbox 876 1100 1083 1181; x_wconf 89' lang='lat' dir='ltr'><strong>eorum</strong></span> <span class='ocrx_word' id='word_1_23' title='bbox 1116 1063 1436 1229; x_wconf 87' lang='lat' dir='ltr'><strong>collegium</strong></span> <span class='ocrx_word' id='word_1_24' title='bbox 1463 1066 1599 1190; x_wconf 88' lang='lat' dir='ltr'><strong>ado·</strong></span> 
     </span>
     <span class='ocr_line' id='line_1_5' title="bbox 186 1236 1598 1408; baseline 0.003 -52"><span class='ocrx_word' id='word_1_25' title='bbox 186 1245 359 1408; x_wconf 87' lang='lat' dir='ltr'><strong>ptari,</strong></span> <span class='ocrx_word' id='word_1_26' title='bbox 382 1263 630 1397; x_wconf 90' lang='lat' dir='ltr'><strong>quorum</strong></span> <span class='ocrx_word' id='word_1_27' title='bbox 647 1267 827 1400; x_wconf 85' lang='lat' dir='ltr'><strong>opera</strong></span> <span class='ocrx_word' id='word_1_28' title='bbox 846 1256 1020 1391; x_wconf 87' lang='lat' dir='ltr'><strong>atque</strong></span> <span class='ocrx_word' id='word_1_29' title='bbox 1039 1236 1279 1395; x_wconf 87' lang='lat' dir='ltr'><strong>vigiliis,</strong></span> <span class='ocrx_word' id='word_1_30' title='bbox 1301 1243 1461 1402; x_wconf 81' lang='lat' dir='ltr'>pacis</span> <span class='ocrx_word' id='word_1_31' title='bbox 1480 1236 1598 1360; x_wconf 87' lang='lat' dir='ltr'><strong>bel·</strong></span> 
     </span>
     <span class='ocr_line' id='line_1_6' title="bbox 189 1398 1600 1571; baseline -0.001 -41"><span class='ocrx_word' id='word_1_32' title='bbox 189 1412 349 1568; x_wconf 91' lang='lat' dir='ltr'><strong>lique</strong></span> <span class='ocrx_word' id='word_1_33' title='bbox 367 1427 522 1527; x_wconf 87' lang='lat' dir='ltr'><strong>artes</strong></span> <span class='ocrx_word' id='word_1_34' title='bbox 541 1407 614 1528; x_wconf 89' lang='lat' dir='ltr'><strong>ab</strong></span> <span class='ocrx_word' id='word_1_35' title='bbox 632 1409 956 1568; x_wconf 83' lang='lat' dir='ltr'>ignorantia</span> <span class='ocrx_word' id='word_1_36' title='bbox 972 1398 1334 1571; x_wconf 90' lang='lat' dir='ltr'><strong>pristinorum</strong></span> <span class='ocrx_word' id='word_1_37' title='bbox 1351 1406 1600 1530; x_wconf 83' lang='lat' dir='ltr'><strong>saeculo-</strong></span> 
     </span>
     <span class='ocr_line' id='line_1_7' title="bbox 189 1574 1659 1739; baseline 0.001 -43"><span class='ocrx_word' id='word_1_38' title='bbox 189 1617 319 1696; x_wconf 90' lang='lat' dir='ltr'><strong>rum</strong></span> <span class='ocrx_word' id='word_1_39' title='bbox 346 1574 751 1721; x_wconf 79' lang='lat' dir='ltr'><strong>vindicantur,</strong></span> <span class='ocrx_word' id='word_1_40' title='bbox 795 1600 861 1696; x_wconf 89' lang='lat' dir='ltr'><strong>et</strong></span> <span class='ocrx_word' id='word_1_41' title='bbox 901 1596 1138 1694; x_wconf 87' lang='lat' dir='ltr'><strong>naturae</strong></span> <span class='ocrx_word' id='word_1_42' title='bbox 1190 1579 1455 1723; x_wconf 84' lang='lat' dir='ltr'><strong>icientia,</strong></span> <span class='ocrx_word' id='word_1_43' title='bbox 1489 1613 1602 1739; x_wconf 81' lang='lat' dir='ltr'><strong>qun</strong></span> <span class='ocrx_word' id='word_1_44' title='bbox 1656 1635 1659 1642; x_wconf 95' lang='lat'>·</span> 
     </span>
     <span class='ocr_line' id='line_1_8' title="bbox 189 1744 1601 1914; baseline 0 -48"><span class='ocrx_word' id='word_1_45' title='bbox 189 1745 333 1866; x_wconf 91' lang='lat' dir='ltr'><strong>nihil</strong></span> <span class='ocrx_word' id='word_1_46' title='bbox 348 1746 675 1914; x_wconf 82' lang='lat' dir='ltr'><strong>pulchrius,</strong></span> <span class='ocrx_word' id='word_1_47' title='bbox 709 1744 853 1866; x_wconf 88' lang='lat' dir='ltr'><strong>nihil</strong></span> <span class='ocrx_word' id='word_1_48' title='bbox 878 1745 1259 1864; x_wconf 89' lang='lat' dir='ltr'><strong>excellentius</strong></span> <span class='ocrx_word' id='word_1_49' title='bbox 1284 1745 1601 1866; x_wconf 88' lang='lat' dir='ltr'><strong>humanum</strong></span> 
     </span>
     <span class='ocr_line' id='line_1_9' title="bbox 186 1911 1651 2078; baseline 0.005 -44"><span class='ocrx_word' id='word_1_50' title='bbox 186 1917 489 2076; x_wconf 84' lang='lat' dir='ltr'><strong>ingenium</strong></span> <span class='ocrx_word' id='word_1_51' title='bbox 501 1922 694 2060; x_wconf 89' lang='lat' dir='ltr'><strong>novit,</strong></span> <span class='ocrx_word' id='word_1_52' title='bbox 715 1911 1020 2035; x_wconf 88' lang='lat' dir='ltr'><strong>hisnostris</strong></span> <span class='ocrx_word' id='word_1_53' title='bbox 1038 1913 1401 2078; x_wconf 88' lang='lat' dir='ltr'><strong>temporibus</strong></span> <span class='ocrx_word' id='word_1_54' title='bbox 1416 1921 1600 2042; x_wconf 82' lang='lat' dir='ltr'><strong>incre·</strong></span> <span class='ocrx_word' id='word_1_55' title='bbox 1649 2069 1651 2074; x_wconf 10' lang='grc' dir='ltr'><strong><em>γ</em></strong></span> 
     </span>
    </p>
   </div>
   <div class='ocr_carea' id='block_1_2' title="bbox 182 2073 1233 2248">
    <p class='ocr_par' dir='ltr' id='par_1_2' title="bbox 182 2073 1233 2248">
     <span class='ocr_line' id='line_1_10' title="bbox 182 2073 1233 2248; baseline -0.005 -45"><span class='ocrx_word' id='word_1_56' title='bbox 182 2081 449 2203; x_wconf 84' lang='lat' dir='ltr'><strong>dibiliter</strong></span> <span class='ocrx_word' id='word_1_57' title='bbox 467 2085 638 2206; x_wconf 66' lang='lat' dir='ltr'><strong>audie</strong></span> <span class='ocrx_word' id='word_1_58' title='bbox 654 2103 830 2242; x_wconf 88' lang='lat' dir='ltr'><strong>atque</strong></span> <span class='ocrx_word' id='word_1_59' title='bbox 850 2073 1118 2248; x_wconf 69' lang='lat' dir='ltr'><strong>perfeEla</strong></span> <span class='ocrx_word' id='word_1_60' title='bbox 1135 2077 1233 2204; x_wconf 87' lang='lat' dir='ltr'><strong>est.</strong></span> 
     </span>
    </p>
   </div>
   <div class='ocr_carea' id='block_1_3' title="bbox 186 2409 1730 4456">
    <p class='ocr_par' dir='ltr' id='par_1_3' title="bbox 186 2409 1730 4456">
     <span class='ocr_line' id='line_1_11' title="bbox 250 2409 1604 2594; baseline 0.003 -55"><span class='ocrx_word' id='word_1_61' title='bbox 250 2409 255 2422; x_wconf 80' lang='grc'><strong>’</strong></span> <span class='ocrx_word' id='word_1_62' title='bbox 351 2419 507 2542; x_wconf 90' lang='lat' dir='ltr'><strong>Cum</strong></span> <span class='ocrx_word' id='word_1_63' title='bbox 528 2418 600 2542; x_wconf 87' lang='lat' dir='ltr'><strong>ad</strong></span> <span class='ocrx_word' id='word_1_64' title='bbox 619 2419 742 2544; x_wconf 83' lang='lat' dir='ltr'><strong>suos</strong></span> <span class='ocrx_word' id='word_1_65' title='bbox 760 2418 1016 2543; x_wconf 90' lang='lat' dir='ltr'><strong>rediisset</strong></span> <span class='ocrx_word' id='word_1_66' title='bbox 1030 2427 1235 2548; x_wconf 91' lang='lat' dir='ltr'><strong>Petrus</strong></span> <span class='ocrx_word' id='word_1_67' title='bbox 1254 2423 1341 2544; x_wconf 92' lang='grc' dir='ltr'><strong>Μ.</strong></span> <span class='ocrx_word' id='word_1_68' title='bbox 1364 2409 1604 2594; x_wconf 81' lang='lat' dir='ltr'><strong>epistola</strong></span> 
     </span>
     <span class='ocr_line' id='line_1_12' title="bbox 187 2587 1692 2762; baseline 0.005 -52"><span class='ocrx_word' id='word_1_69' title='bbox 187 2587 265 2711; x_wconf 87' lang='lat' dir='ltr'><strong>ad</strong></span> <span class='ocrx_word' id='word_1_70' title='bbox 283 2589 688 2715; x_wconf 87' lang='lat' dir='ltr'><strong>Academicos</strong></span> <span class='ocrx_word' id='word_1_71' title='bbox 705 2589 975 2717; x_wconf 88' lang='lat' dir='ltr'><strong>Parismos</strong></span> <span class='ocrx_word' id='word_1_72' title='bbox 993 2591 1130 2713; x_wconf 83' lang='lat' dir='ltr'><strong>data</strong></span> <span class='ocrx_word' id='word_1_73' title='bbox 1149 2591 1338 2762; x_wconf 81' lang='lat' dir='ltr'><strong>(quae</strong></span> <span class='ocrx_word' id='word_1_74' title='bbox 1365 2595 1601 2759; x_wconf 89' lang='lat' dir='ltr'><strong>pubhce</strong></span> <span class='ocrx_word' id='word_1_75' title='bbox 1684 2671 1692 2692; x_wconf 75' lang='lat'>·</span> 
     </span>
     <span class='ocr_line' id='line_1_13' title="bbox 188 2758 1730 2933; baseline -0.003 -46"><span class='ocrx_word' id='word_1_76' title='bbox 188 2760 383 2933; x_wconf 87' lang='lat' dir='ltr'><strong>extat)</strong></span> <span class='ocrx_word' id='word_1_77' title='bbox 403 2761 460 2882; x_wconf 90' lang='lat' dir='ltr'><strong>se</strong></span> <span class='ocrx_word' id='word_1_78' title='bbox 478 2768 657 2883; x_wconf 90' lang='lat' dir='ltr'><strong>etiam</strong></span> <span class='ocrx_word' id='word_1_79' title='bbox 689 2758 762 2882; x_wconf 88' lang='lat' dir='ltr'><strong>ad</strong></span> <span class='ocrx_word' id='word_1_80' title='bbox 789 2759 1088 2926; x_wconf 84' lang='lat' dir='ltr'><strong>diligentis</strong></span> <span class='ocrx_word' id='word_1_81' title='bbox 1113 2759 1469 2887; x_wconf 81' lang='lat' dir='ltr'><strong>Academici</strong></span> <span class='ocrx_word' id='word_1_82' title='bbox 1487 2765 1600 2884; x_wconf 85' lang='lat' dir='ltr'><strong>lau·</strong></span> <span class='ocrx_word' id='word_1_83' title='bbox 1717 2783 1730 2790; x_wconf 76' lang='grc'><em>”</em></span> 
     </span>
     <span class='ocr_line' id='line_1_14' title="bbox 189 2929 1601 3096; baseline 0.001 -42"><span class='ocrx_word' id='word_1_84' title='bbox 189 2931 328 3054; x_wconf 93' lang='lat' dir='ltr'><strong>dem</strong></span> <span class='ocrx_word' id='word_1_85' title='bbox 357 2929 720 3052; x_wconf 86' lang='lat' dir='ltr'><strong>contendere</strong></span> <span class='ocrx_word' id='word_1_86' title='bbox 748 2929 1121 3080; x_wconf 78' lang='lat' dir='ltr'><strong>affirmabat,</strong></span> <span class='ocrx_word' id='word_1_87' title='bbox 1152 2954 1216 3052; x_wconf 89' lang='lat' dir='ltr'><strong>et</strong></span> <span class='ocrx_word' id='word_1_88' title='bbox 1241 2954 1479 3096; x_wconf 81' lang='lat' dir='ltr'><strong>praeter</strong></span> <span class='ocrx_word' id='word_1_89' title='bbox 1498 2931 1601 3055; x_wconf 85' lang='lat' dir='ltr'><strong>dc-</strong></span> 
     </span>
     <span class='ocr_line' id='line_1_15' title="bbox 188 3099 1600 3270; baseline 0.001 -48"><span class='ocrx_word' id='word_1_90' title='bbox 188 3101 561 3267; x_wconf 89' lang='lat' dir='ltr'><strong>scriptionem</strong></span> <span class='ocrx_word' id='word_1_91' title='bbox 590 3099 783 3267; x_wconf 85' lang='lat' dir='ltr'><strong>Caspii</strong></span> <span class='ocrx_word' id='word_1_92' title='bbox 809 3105 984 3224; x_wconf 85' lang='lat' dir='ltr'><strong>maris</strong></span> <span class='ocrx_word' id='word_1_93' title='bbox 1008 3103 1169 3270; x_wconf 88' lang='lat' dir='ltr'><strong>plura</strong></span> <span class='ocrx_word' id='word_1_94' title='bbox 1205 3109 1600 3225; x_wconf 88' lang='lat' dir='ltr'><strong>communica-</strong></span> 
     </span>
     <span class='ocr_line' id='line_1_16' title="bbox 186 3267 1597 3434; baseline 0.004 -44"><span class='ocrx_word' id='word_1_95' title='bbox 186 3291 380 3390; x_wconf 93' lang='lat' dir='ltr'><strong>turum</strong></span> <span class='ocrx_word' id='word_1_96' title='bbox 399 3309 517 3395; x_wconf 94' lang='lat' dir='ltr'><strong>non</strong></span> <span class='ocrx_word' id='word_1_97' title='bbox 535 3268 773 3434; x_wconf 86' lang='lat' dir='ltr'><strong>indigna</strong></span> <span class='ocrx_word' id='word_1_98' title='bbox 800 3267 1018 3393; x_wconf 91' lang='lat' dir='ltr'><strong>iudicio</strong></span> <span class='ocrx_word' id='word_1_99' title='bbox 1038 3296 1106 3408; x_wconf 61' lang='lat' dir='ltr'><strong>‚et</strong></span> <span class='ocrx_word' id='word_1_100' title='bbox 1146 3269 1410 3396; x_wconf 89' lang='lat' dir='ltr'><strong>industria</strong></span> <span class='ocrx_word' id='word_1_101' title='bbox 1438 3271 1597 3396; x_wconf 86' lang='lat' dir='ltr'><strong>Aca-</strong></span> 
     </span>
     <span class='ocr_line' id='line_1_17' title="bbox 189 3437 1642 3604; baseline -0.006 -42"><span class='ocrx_word' id='word_1_102' title='bbox 189 3439 558 3566; x_wconf 85' lang='lat' dir='ltr'><strong>demicorum</strong></span> <span class='ocrx_word' id='word_1_103' title='bbox 575 3441 978 3604; x_wconf 81' lang='lat' dir='ltr'><strong>pollicebatur.</strong></span> <span class='ocrx_word' id='word_1_104' title='bbox 1049 3437 1251 3563; x_wconf 87' lang='lat' dir='ltr'><strong>Postea</strong></span> <span class='ocrx_word' id='word_1_105' title='bbox 1266 3478 1410 3560; x_wconf 89' lang='lat' dir='ltr'><strong>vero</strong></span> <span class='ocrx_word' id='word_1_106' title='bbox 1423 3477 1642 3601; x_wconf 85' lang='lat' dir='ltr'><strong>quam.</strong></span> 
     </span>
     <span class='ocr_line' id='line_1_18' title="bbox 189 3606 1597 3774; baseline 0.005 -44"><span class='ocrx_word' id='word_1_107' title='bbox 189 3610 404 3730; x_wconf 92' lang='lat' dir='ltr'><strong>bellum</strong></span> <span class='ocrx_word' id='word_1_108' title='bbox 434 3606 695 3731; x_wconf 65' lang='lat' dir='ltr'><strong>difficile,</strong></span> <span class='ocrx_word' id='word_1_109' title='bbox 714 3631 780 3728; x_wconf 88' lang='lat' dir='ltr'><strong>et</strong></span> <span class='ocrx_word' id='word_1_110' title='bbox 809 3614 1081 3774; x_wconf 80' lang='lat' dir='ltr'><strong>pertinax</strong></span> <span class='ocrx_word' id='word_1_111' title='bbox 1124 3609 1491 3732; x_wconf 89' lang='lat' dir='ltr'><strong>memorabili</strong></span> <span class='ocrx_word' id='word_1_112' title='bbox 1527 3651 1597 3737; x_wconf 87' lang='lat' dir='ltr'><strong>ac</strong></span> 
     </span>
     <span class='ocr_line' id='line_1_19' title="bbox 189 3775 1597 3946; baseline 0.007 -47"><span class='ocrx_word' id='word_1_113' title='bbox 189 3781 459 3942; x_wconf 71' lang='lat' dir='ltr'><strong>gloriosa,</strong></span> <span class='ocrx_word' id='word_1_114' title='bbox 486 3801 634 3946; x_wconf 87' lang='lat' dir='ltr'><strong>pace</strong></span> <span class='ocrx_word' id='word_1_115' title='bbox 675 3775 1127 3946; x_wconf 85' lang='lat' dir='ltr'><strong>composuerat,</strong></span> <span class='ocrx_word' id='word_1_116' title='bbox 1160 3778 1238 3900; x_wconf 84' lang='lat' dir='ltr'><strong>ad</strong></span> <span class='ocrx_word' id='word_1_117' title='bbox 1266 3785 1597 3909; x_wconf 80' lang='lat' dir='ltr'><strong>nutriendas</strong></span> 
     </span>
     <span class='ocr_line' id='line_1_20' title="bbox 192 3945 1602 4117; baseline 0.006 -49"><span class='ocrx_word' id='word_1_118' title='bbox 192 3945 660 4108; x_wconf 80' lang='lat' dir='ltr'><strong>excolendusque</strong></span> <span class='ocrx_word' id='word_1_119' title='bbox 679 3957 739 4070; x_wconf 91' lang='lat' dir='ltr'><strong>in</strong></span> <span class='ocrx_word' id='word_1_120' title='bbox 775 3945 1082 4114; x_wconf 85' lang='lat' dir='ltr'><strong>regnissuis</strong></span> <span class='ocrx_word' id='word_1_121' title='bbox 1110 3973 1264 4070; x_wconf 86' lang='lat' dir='ltr'><strong>artes</strong></span> <span class='ocrx_word' id='word_1_122' title='bbox 1291 3962 1484 4117; x_wconf 86' lang='lat' dir='ltr'><strong>praeci</strong></span> <span class='ocrx_word' id='word_1_123' title='bbox 1528 3996 1602 4078; x_wconf 88' lang='lat' dir='ltr'><strong>ue</strong></span> 
     </span>
     <span class='ocr_line' id='line_1_21' title="bbox 191 4112 1602 4264; baseline 0.009 -30"><span class='ocrx_word' id='word_1_124' title='bbox 191 4154 387 4238; x_wconf 84' lang='lat' dir='ltr'><strong>curam</strong></span> <span class='ocrx_word' id='word_1_125' title='bbox 469 4118 776 4264; x_wconf 82' lang='lat' dir='ltr'><strong>intendit,</strong></span> <span class='ocrx_word' id='word_1_126' title='bbox 821 4139 889 4236; x_wconf 87' lang='lat' dir='ltr'><strong>et</strong></span> <span class='ocrx_word' id='word_1_127' title='bbox 977 4112 1270 4240; x_wconf 83' lang='lat' dir='ltr'><strong>confilium</strong></span> <span class='ocrx_word' id='word_1_128' title='bbox 1346 4158 1461 4242; x_wconf 92' lang='lat' dir='ltr'><strong>con</strong></span> <span class='ocrx_word' id='word_1_129' title='bbox 1503 4165 1602 4246; x_wconf 90' lang='lat' dir='ltr'><strong>en-</strong></span> 
     </span>
     <span class='ocr_line' id='line_1_22' title="bbox 189 4279 1603 4456; baseline 0.006 -53"><span class='ocrx_word' id='word_1_130' title='bbox 189 4283 294 4404; x_wconf 87' lang='lat' dir='ltr'><strong>dae</strong></span> <span class='ocrx_word' id='word_1_131' title='bbox 345 4288 644 4456; x_wconf 84' lang='lat' dir='ltr'><strong>Petropoh</strong></span> <span class='ocrx_word' id='word_1_132' title='bbox 668 4391 671 4398; x_wconf 10' lang='grc' dir='ltr'>λ</span> <span class='ocrx_word' id='word_1_133' title='bbox 696 4279 1118 4431; x_wconf 84' lang='lat' dir='ltr'><strong>Academiae,</strong></span> <span class='ocrx_word' id='word_1_134' title='bbox 1184 4287 1342 4448; x_wconf 91' lang='lat' dir='ltr'><strong>quod</strong></span> <span class='ocrx_word' id='word_1_135' title='bbox 1385 4291 1603 4415; x_wconf 90' lang='lat' dir='ltr'><strong>iamdiu</strong></span> 
     </span>
    </p>
   </div>
   <div class='ocr_carea' id='block_1_4' title="bbox 451 4453 1730 4714">
    <p class='ocr_par' dir='ltr' id='par_1_4' title="bbox 451 4453 1730 4714">
     <span class='ocr_line' id='line_1_23' title="bbox 451 4453 1730 4714; baseline 0.001 -90"><span class='ocrx_word' id='word_1_136' title='bbox 451 4705 458 4714; x_wconf 9' lang='grc' dir='ltr'>ἱ</span> <span class='ocrx_word' id='word_1_137' title='bbox 612 4699 615 4706; x_wconf 5' lang='lat' dir='ltr'>Q</span> <span class='ocrx_word' id='word_1_138' title='bbox 751 4453 955 4626; x_wconf 70' lang='lat' dir='ltr'><strong>&gt;oo</strong></span> <span class='ocrx_word' id='word_1_139' title='bbox 1236 4469 1303 4596; x_wconf 72' lang='grc' dir='ltr'><em>ι</em></span> <span class='ocrx_word' id='word_1_140' title='bbox 1393 4462 1601 4625; x_wconf 72' lang='lat' dir='ltr'><strong>nere-</strong></span> <span class='ocrx_word' id='word_1_141' title='bbox 1722 4626 1730 4646; x_wconf 80' lang='grc'><strong><em>,</em></strong></span> 
     </span>
    </p>
   </div>
   <div class='ocr_carea' id='block_1_5' title="bbox 0 0 2193 5952">
    <p class='ocr_par' dir='ltr' id='par_1_5' title="bbox 0 0 2193 5952">
     <span class='ocr_line' id='line_1_24' title="bbox 0 0 2193 5952; baseline 0 0"><span class='ocrx_word' id='word_1_142' title='bbox 0 0 2193 5952; x_wconf 95' lang='lat' dir='ltr'><strong> </strong></span> 
     </span>
    </p>
   </div>
  </div>
 </body>
</html>
