4312 5954
353 473 578 578 otono
612 469 1256 598 rnstrrntncm
1312 617 1319 626 ‚
1383 511 1445 610 91

188 729 372 802 mentun
397 708 569 799 offerret
595 735 675 824 pto
699 709 954 802 Leibnitiana
977 713 1126 802 virium
1139 713 1345 824 mensura,
1369 717 1440 818 de,

188 844 356 932 sumtum
372 867 396 926 a
412 841 593 932 motibus
608 841 1138 956 composttisunifmmibus.
1172 842 1286 953 „Ex
1302 861 1444 956 motu„

41 977 45 984 '
187 969 598 1090 (inquitLea‘bnitiusl.
610 999 645 1058 c.
663 963 700 1078 ᾗ.
716 969 847 1092 347.)
865 972 903 1059 in
915 971 1059 1059 duobus
1077 973 1267 1062 lateribus
1286 974 1446 1085 trion„

150 1195 153 1202 ,
179 1103 256 1216 gal
272 1099 501 1216 componitur
516 1115 636 1188 motus
651 1103 692 1186 in
705 1097 909 1221 organali:
928 1127 997 1189 non
1012 1113 1102 1190 uero
1120 1101 1255 1192 'exinde
1270 1100 1444 1222 sequi-„

187 1245 282 1340 tur,
325 1227 478 1342 globum
508 1230 546 1316 in
576 1227 800 1344 hypatonfa
824 1243 968 1318 motum
993 1231 1201 1346 producere
1232 1229 1443 1344 offellum„

182 1362 339 1448 morum
348 1357 542 1470 globorum
543 1359 622 1476 sobi
641 1359 863 1476 «equalium,
890 1363 984 1448 etin
1007 1360 1193 1452 lateribus
1210 1377 1441 1470 motorum„

183 1483 321 1610 Atque
344 1487 390 1574 id
410 1500 540 1574 tamen
563 1487 766 1575 obtinetur
791 1516 919 1577 renam
949 1503 1160 1599 natura„.
1224 1489 1442 1610 Quoniam

182 1620 457 1706 communiter
473 1615 638 1707 effeeots
663 1615 915 1710 affumuntut
946 1621 1107 1708 viribus
1138 1619 1212 1706 suis
1249 1633 1435 1732 propor.
1566 1657 1571 1664 ·

181 1752 352 1837 tionales
389 1774 403 1863 3
437 1747 611 1860 ideoque
624 1729 748 1862 senile
772 1761 860 1836 erat
882 1743 1054 1858 inferre,
1079 1751 1191 1858 quod
1206 1749 1245 1830 in
1263 1747 1350 1832 casu
1367 1777 1442 1860 per

177 1876 423 1986 Leibnitium
446 1898 711 1984 memorato,
743 1876 814 1960 ubi
839 1875 1006 1960 offellus
1030 1873 1277 1966 diversarum
1292 1873 1466 1968 virium

175 2005 263 2126 sunt
278 2007 588 2117 aequales,etiam
600 2005 902 2092 rires'debeant
916 2003 993 2090 elle
1010 2006 1214 2116 aequales.·
1271 2000 1353 2091 Sed
1371 2009 1432 2094 vi·

171 2163 242 2224 res
261 2157 425 2220 motum
443 2131 697 2246 diagonalem
710 2135 938 2246 praestantes
952 2155 1035 2221 non
1051 2136 1210 2248 poliunt
1221 2134 1439 2245 effeaequa-
1573 2142 1576 2150 ’

171 2260 429 2370 lesuiribus,
460 2286 546 2372 quae
563 2282 699 2348 motus
719 2261 913 2350 exhibent
933 2261 1114 2349 laterales
1142 2298 1152 2352 :
1184 2264 1255 2350 nist
1279 2263 1437 2378 lingula

172 2394 419 2492 aestimentur
433 2413 510 2500 per
530 2391 721 2500 quadrata
747 2381 904 2478 illarum
922 2389 1142 2499 lineatum,
1175 2419 1262 2506 quoe
1280 2415 1434 2502 motus,
1553 2401 1557 2408 '

170 2522 321 2636 spatia,
350 2520 568 2608 celeritates
585 2520 727 2606 virium
738 2519 895 2606 suarum
906 2542 1123 2634 exponant.
1191 2518 1437 2610 Obtinemus

171 2653 297 2760 igitur
318 2649 620 2738 aestimationem
633 2649 781 2738 virium
798 2651 981 2736 vivarum
1000 2655 1040 2738 δι
1053 2676 1267 2762 purarum,
1288 2651 1435 2764 dequi-
1468 2663 1479 2684 ’

173 2781 249 2868 bus
263 2781 330 2868 hie
347 2783 500 2888 agitur,
527 2805 718 2890 eamque
739 2779 958 2866 consentiat
967 2780 1243 2870 Leibnitianae.
1260 2777 1328 2872 Sic
1339 2781 1429 2892 pri.

172 2935 247 2996 mo
273 2911 412 2996 intuitu
435 2909 612 2995 iudicavi
640 2937 653 3022 ς
695 2929 812 3022 atque
840 2908 881 2992 id
903 2912 1045 3014 monui
1061 2911 1100 2994 in
1124 2905 1287 3016 notula,
1337 2934 1435 3025 pag.

175 3057 232 3154 17
245 3059 285 3151 3.
301 3037 437 3144 scripti
454 3038 537 3124 mei
547 3035 717 3148 superius
730 3041 772 3124 in
780 3033 1005 3153 prefatione
1021 3037 1200 3152 allegati.

288 3159 460 3250 xxm.
527 3159 622 3251 Post
639 3168 832 3254 mauuins
850 3183 1018 3254 examen
1034 3165 1293 3278 deprehendo
1311 3220 1325 3271 ‚
1345 3191 1440 3290 nou⁴

165 3295 313 3392 fallere
324 3291 426 3378 hanc
444 3293 746 3380 conclusionem
763 3321 775 3380 ε
796 3295 1069 3384 Ratiocinium
1088 3321 1201 3401 vero,
1237 3293 1432 3382 nifievol·
1453 3391 1457 3398 ,

166 3438 357 3525 venenu,
378 3421 735 3542 nimiumpraeceps
751 3421 827 3526 ire,
899 3445 939 3514 1.
972 3419 1078 3512 Non
1087 3424 1182 3508 licet
1191 3421 1241 3506 ab
1251 3415 1431 3534 omniell
1518 3469 1520 3476 ·

13 3655 17 3668 ,
171 3555 274 3643 stetu
300 3549 352 3640 ad
387 3550 493 3635 vires
516 3551 681 3637 traniire
700 3550 975 3662 proportione
995 3551 1136 3636 fimili:
1164 3550 1429 3662 aequipollent
1518 3543 1522 3550 ’

171 3679 382 3798 aliquando
398 3682 529 3784 viret,
554 3706 643 3790 quae
661 3701 743 3764 non
757 3674 841 3764 sunt
857 3680 1040 3790 aequales.
1115 3701 1163 3771 2.
1188 3669 1430 3790 Aliquando

170 3834 302 3906 motus
315 3809 499 3896 laterales
511 3801 810 3920 ¹componuntur
827 3808 869 3932 in
883 3828 1044 3893 motum
1068 3807 1344 3924 diagonalem,
1364 3807 1428 3896 led
1501 3807 1522 3823 “’
1552 3805 1557 3812 ’

171 3941 336 4034 effecius
353 3937 591 4050 uniusglobi
607 3937 875 4050 diagonaliter
893 3938 998 4022 moti
1013 3959 1097 4022 non
1112 3929 1170 4022 'eil
1191 3935 1298 4022 idem
1317 3990 1331 4041 ,
1359 3941 1427 4050 qui

171 4073 342 4158 duorum
359 4065 1048 4182 aequalituuinlateribusmotorum.
1070 4063 1427 4178 3.Nisuseviribus
1586 4161 1590 4166 ,

169 4202 338 4289 mortuis
354 4199 571 4310 pendentes
582 4219 666 4280 non
683 4196 795 4282 aliter
810 4211 1128 4304 componuntur,
1153 4217 1275 4304 quam
1291 4215 1428 4286 motus
1471 4281 1477 4290 ,

170 4329 314 4416 avitis
333 4327 502 4441 profet‘ti
523 4358 532 4412 ε
552 4350 691 4438 neque
709 4345 840 4412 tamen
852 4325 961 4409 vines
976 4343 1150 4410 mortuae
1168 4326 1209 4408 ἃ
1224 4323 1324 4408 vivat
1345 4323 1416 4412 ha-

170 4459 265 4544 bent
278 4443 475 4546 mensiune
488 4453 667 4548 easdem.
750 4474 800 4574 4.
834 4453 883 4541 ln
898 4450 1297 4566 parallelogrammis
1314 4453 1419 4538 obli.

167 4587 373 4704 quangulis
392 4584 563 4674 dubitari
591 4583 744 4700 potest,
764 4609 828 4799 ff
839 4581 919 4799 2via
937 4579 1166 4696 compotita
1183 4579 1426 4818 resporglueaat
