4352 5962
609 475 612 483 ’
726 495 819 614 aro
897 571 898 576 ψ
1108 482 1727 610 oasauuarronss

721 693 838 802 rupta
857 720 1002 800 etant,
1029 722 1161 813 prope
1179 693 1344 779 fundum
1358 691 1533 777 vesicula
1554 687 1678 778 fenea
1694 716 1864 804 magnus
1883 697 1976 787 etni-
2073 745 2080 758 ‚

532 895 535 906 .
590 825 594 858 ¹
722 825 843 914 nebat
858 849 993 911 tumor
1011 823 1219 936 globosus,
1250 829 1354 910 cuius
1372 825 1540 906 alterum
1552 820 1880 935 haemrsphaenum
1892 828 1958 916 sub

573 1000 648 1039 --.
725 953 873 1040 stantiae
898 957 1047 1064 hepatis
1071 955 1282 1038 firmiter
1271 974 1575 1060 incorporatum
1602 971 1720 1054 erat.
1767 945 1869 1038 Post
1895 961 1976 1044 eius

721 1079 1012 1190 separationem
1048 1135 1061 1183 ‚
1099 1103 1310 1191 antequam
1346 1082 1581 1193 incideretur
1619 1143 1630 1184 ‚
1671 1033 1777 1166 lanei
1806 1085 1971 1196 impofi.

723 1229 786 1294 tus
804 1214 885 1318 est,
917 1213 1031 1322 isque
1050 1237 1171 1317 unam
1189 1211 1334 1302 libram
1354 1213 1577 1319 &quatuor
1597 1209 1804 1297 drachmas
1830 1217 1976 1322 penth-

722 1337 793 1422 bat
816 1393 827 1440 ,
865 1365 918 1428 ex
940 1345 1042 1426 cuius
1066 1339 1239 1448 proinde
1264 1337 1434 1424 mollitie
1452 1339 1493 1421 dt
1513 1336 1608 1420 albo
1628 1341 1767 1424 colore
1782 1327 1975 1454 magnam

721 1465 907 1554 humoris
944 1469 1202 1583 quantitatem
1237 1470 1277 1552 in
1323 1491 1374 1550 eo
1411 1467 1620 1554 collectam
1650 1465 1728 1552 eise
1757 1469 1971 1565 visumest.

722 1595 920 1682 Incisrone
956 1601 1058 1684 facta
1086 1623 1177 1683 rem
1202 1597 1311 1680 secus
1336 1595 1373 1678 se
1397 1595 1542 1682 habere
1567 1595 1884 1712 humoribusque
1901 1593 1966 1687 ua·

598 1785 599 1788 a
724 1749 842 1812 suurn
858 1747 1059 1814 tumorem
1077 1727 1154 1812 effe
1169 1723 1357 1812 admirati
1375 1721 1515 1810 sumus.
1588 1725 1708 1812 Tota
1730 1731 1810 1814 eius
1833 1733 1973 1818 caritas

721 1855 775 1941 ab
790 1855 875 1942 irno
893 1882 1019 1968 usque
1039 1855 1092 1942 ad
1115 1856 1307 1942 summurn
1343 1853 1563 1940 incredibili
1588 1881 1762 1945 numero
1787 1857 1967 1945 veficula·

721 2011 817 2071 rum
831 1987 1147 2098 compressurum
1167 1989 1207 2070 δι
1223 1983 1430 2094 pelliculas
1446 2011 1615 2071 marum
1628 2009 1773 2070 vacuas
1785 1989 1967 2074 mentien·

723 2121 822 2200 tium
852 2111 1015 2200 insardia
1039 2135 1137 2222 erat,
1147 2116 1325 2224 hancque
1341 2113 1601 2200 vesicularum
1632 2115 1866 2222 congeriem
1880 2141 1972 2204 unus

724 2241 858 2328 saccus
882 2243 1070 2349 globosus
1093 2264 1183 2330 cute
1203 2242 1423 2332 admodum
1450 2244 1547 2329 dura
1563 2245 1604 2328 dt
1625 2245 1750 2332 crassa
1770 2269 1887 2355 eaque
1907 2272 1970 2332 ex-

725 2359 849 2456 terius
885 2373 980 2456 laevi
1012 2375 1053 2457 dr
1081 2374 1233 2482 polita,
1260 2373 1426 2458 interius
1446 2395 1549 2456 uero
1581 2371 1718 2485 aspera
1753 2375 1970 2484 consinus,

723 2498 956 2609 septemque
973 2498 1181 2587 drachmas
1196 2500 1373 2610 pendens
1384 2501 1631 2586 continebat.
1691 2501 1754 2589 Eo
1772 2521 1910 2612 aperto
1925 2528 1973 2587 o-

725 2627 827 2711 dore
843 2631 958 2712 omni
976 2653 1144 2715 vacuum
1167 2627 1532 2740 deprehendimus,
1566 2633 1637 2716 etii
1662 2631 1839 2716 uesrcuiae
1863 2634 1973 2716 coio-

723 2784 811 2844 rem
830 2755 1125 2854 uiridescentem
1142 2759 1381 2873 obtinerent.
1453 2757 1708 2878 Quamquam
1728 2785 1862 2844 earum
1875 2787 1966 2870 pro-

691 2981 695 2986 ,
724 2885 875 2996 digiosa
893 2889 1082 2996 quantitas
1097 2885 1216 2994 effer,
1244 2888 1296 2973 sui
1308 2913 1450 2974 omnes
1474 2891 1561 2975 iuris
1586 2891 1664 2974 hoc
1690 2891 1747 2974 est
1775 2886 1907 2974 ubera
1934 2894 1973 2976 dt

704 3019 856 3114 „solutae
889 3016 1036 3128 absque
1066 3016 1142 3100 ulla
1170 3019 1253 3101 siue
1278 3041 1372 3103 curn
1391 3017 1507 3102 sacco
1531 3019 1608 3104 sive
1628 3019 1731 3104 inter
1754 3016 1973 3106 seinvicem

725 3151 993 3250 connexione,
1004 3165 1141 3230 mutato
1166 3165 1317 3231 tantum
1335 3144 1410 3231 sese
1440 3145 1772 3234 exosculantes&
1800 3149 1973 3258 compri-

622 3325 634 3352 .
723 3269 880 3362 mentes
902 3273 1087 3358 iacebant
1114 3325 1127 3376 ‚
1163 3276 1561 3382 verbo,exaetiffime
1588 3275 1788 3387 pelliculas
1812 3303 1973 3364 unsrun

639 3413 641 3418 ‘
725 3427 868 3490 vacuas
893 3423 980 3490 turn
1004 3403 1133 3510 figura
1158 3423 1238 3489 tum
1269 3405 1407 3510 colore
1426 3405 1631 3492 herbaceo
1650 3403 1713 3488 seu
1730 3406 1976 3492 viridescente

721 3530 1024 3618 aemulabantur.
1109 3528 1332 3617 Substantia
1355 3534 1626 3644 pessimi-arum
1650 3535 1812 3620 minime
1831 3535 1979 3622 fibrosa

722 3663 788 3748 seu
808 3663 1024 3772 organica,
1045 3658 1111 3744 sed
1126 3682 1360 3748 concretum
1382 3664 1589 3771 quoddam
1619 3661 1881 3771 gelatinosum
1904 3665 1978 3750 esse

612 3847 619 3866 .
724 3781 947 3880 videbatur
1014 3787 1163 3908 Quoad
1180 3791 1522 3905 magnitudinem,
1544 3793 1613 3880 sub
1627 3793 1776 3902 triplici
1794 3790 1981 3878 differen-

598 3975 600 3980 -
723 3922 776 4008 th
802 3907 950 4004 oblatae
975 3916 1058 4002 sunt
1095 3945 1242 4068 nempe
1267 3923 1478 4029 maiorum,
1492 3925 1703 4010 minorum
1721 3923 1761 4006 dt
1779 3920 1982 4008 minutissi-

574 4059 578 4076 '
609 4051 610 4054 ‘
724 4071 902 4154 marum,
931 4072 1019 4158 quae
1039 4050 1212 4134 invicem
1230 4057 1435 4162 permixta
1454 4076 1605 4138 acervo
1628 4051 1775 4136 eodem
1793 4077 1982 4162 compre·

723 4177 1019 4266 hendebantur:
1050 4157 1188 4266 Ouum
1209 4183 1409 4268 nonnulla
1427 4180 1819 4288 colunbiuum,a1iae
1836 4178 1982 4352 fabam,

723 4305 810 4394 aliae
829 4306 992 4414 denique
1011 4306 1140 4414 pisum
1160 4311 1389 4422 aequabant.
1992 4313 1997 4324 ’

840 4431 1055 4568 Exteriore
1071 4436 1210 4539 bacun
1223 4438 1481 4590 reficularum
1508 4435 1758 4554 dispositione
1778 4437 1834 4532 fic
1847 4439 1980 4555 perlu-

1888 4569 1980 4656 sira

958 4796 993 4846 ὓ
1051 4849 1058 4858 .
