4376 5952
724 553 786 679 48
918 507 1762 651 ,nummuscouront
1839 532 1848 664 J
1982 538 1987 547 ’

674 785 678 793 “
785 778 867 874 ῙΧ,
892 771 933 863 F
931 772 1133 864 atestinum
1152 769 1314 888 alicujus
1326 775 1427 864 linea
1441 803 1550 865 voco
1565 785 1826 892 quantitatem
1844 793 1979 907 quaml
2084 849 2087 858 ·

673 937 676 942 ’
726 881 879 1020 cunque
892 933 943 993 ex
959 912 1060 992 linea
1078 909 1145 992 illa
1160 906 1242 992 sola
1265 909 1332 992 uel
1348 933 1442 991 cum
1467 914 1745 1020 quantitatibus
1771 923 1974 1016 aliiscon.

724 1039 915 1127 stantibus
934 1039 1129 1146 utcunque
1147 1038 1424 1146 compositam.
1822 1089 1866 1164 '.
1926 1071 1931 1082 ·

788 1169 848 1258 X.
882 1147 1280 1252 Funciiouesduarrnn
1299 1167 1492 1252 linearum
1496 1165 1639 1284 flmilat
1655 1195 1765 1258 voco
1783 1177 1981 1289 quantita

726 1313 888 1404 tesqua
903 1313 1198 1404 componuntur
1212 1322 1265 1378 ex
1284 1297 1547 1383 constantibus
1569 1303 1978 1420 utrinqueiisdem,·&

724 1422 835 1508 lineis
855 1424 945 1532 ipsus
963 1425 1111 1508 eodem
1135 1424 1252 1534 plane
1268 1424 1398 1508 modo
1419 1425 1607 1514 adhibitis
1627 1463 1635 1516 :
1666 1433 1733 1516 uel
1751 1436 1975 1530 clarium-li

664 1625 668 1632 .
722 1549 987 1638 irs-funccione
1015 1541 1124 1638 lineae
1150 1549 1234 1638 AB
1263 1553 1465 1664 relinquas
1488 1559 1713 1648 constantes
1731 1565 1772 1650 &
1788 1567 1896 1679 figna
1920 1595 1969 1654 o-
2005 1631 2007 1636 -

723 1683 871 1783 mnia,
907 1685 949 1766 &
984 1681 1111 1766 solum
1129 1708 1207 1792 pro
1225 1683 1333 1767 linea
1350 1679 1434 1768 AB
1464 1681 1667 1772 substituas
1697 1692 1842 1778 liueam
1873 1695 1978 1809 AC,

464 1833 467 1842 ·
722 1811 1057 1920 quantitatesillns
1075 1810 1320 1926 compostus
1333 1835 1444 1898 uoco
1466 1813 1686 1902 firnsliones
1700 1815 1857 1910 similes.

783 1937 861 2021 XI.
889 1935 1081 2026 aaronem
1103 1933 1256 2054 alicujus
1273 1945 1335 2024 uis
1353 1942 1444 2024 dico
1461 1927 1589 2052 ipsum
1614 1939 1698 2058 ejus
1715 1951 1988 2065 exercitium,'-

722 2089 806 2174 quo
831 2064 909 2148 sese
936 2066 1029 2154 dato
1052 2085 1242 2178 tempore
1267 2070 1319 2154 ad
1343 2091 1500 2158 motum
1524 2075 1829 2184 producendum
1843 2088 1976 2195 appli.

585 2205 588 2216 '
721 2213 812 2295 cat,
847 2219 922 2277 una
943 2221 1040 2283 cum
1057 2200 1185 2282 modo
1202 2201 1461 2308 applicandi:
1499 2201 1632 2289 fiduae
1651 2205 1842 2316 pluresve
1869 2219 1975 2302 uires

722 2325 773 2416 ad
796 2324 967 2408 eundem
986 2340 1144 2406 motum
1157 2319 1461 2431 producbndum
1482 2352 1744 2438 concurrunt,
1770 2343 1975 2428 actionem

720 2475 775 2534 ex
793 2452 871 2536 illis
889 2450 1116 2536 actionibus
1128 2449 1372 2564 simplicibus
1384 2447 1638 2538 resultantem
1660 2481 1774 2544 roco
1790 2462 1993 2570 cilionem,
2115 2583 2119 2590 Ι

719 2577 968 2691 compnsttam.
1163 2591 1167 2601 '
1899 2591 1904 2600 ’

506 2741 509 2749 ·
598 2801 602 2811 ,
736 2701 927 2801 -Coroll
979 2730 1016 2795 1.
1094 2704 1301 2828 Adeoque
1324 2715 1366 2802 in
1389 2713 1535 2804 uiribus
1558 2715 1665 2806 nivis
1683 2725 1797 2837 puris
1814 2725 1974 2848 fimpfis

720 2835 835 2923 cibus
859 2843 1058 2926 actionem
1082 2867 1176 2928 cum
1209 2845 1421 2964 Leibnitio
1437 2848 1588 2935 metior
1605 2876 1679 2962 per
1718 2851 1872 2948 sactum
1909 2867 1972 2950 ui.

692 2954 697 2968 ⁸
717 2968 829 3062 rhun.
847 2965 1005 3056 illarum
1019 2972 1060 3052 in
1078 2993 1239 3084 tempus
1261 3005 1276 3082 ·‚
1315 2970 1457 3060 Tanto
1477 2977 1592 3064 'enim
1611 2981 1747 3072 maior
1773 2991 1877 3074 actio
1895 2993 1972 3102 est,

717 3113 870 3206 quanto
891 3097 1071 3210 longiori
1097 3120 1289 3212 ternpore
1312 3105 1429 3191 durat
1464 3109 1712 3196 unisomriter
1734 3169 1749 3219 ,w
1785 3119 1830 3203 &
1852 3136 1972 3207 tanto

717 3225 878 3330 maior,
906 3245 1056 3336 quanto
1069 3214 1176 3315 vires
1190 3213 1488 3346 sunt'maiores3
1515 3233 1666 3350 Neque
1683 3241 1725 3327 in
1743 3229 1859 3356 puris
1879 3249 1972 3337 snn;

580 3443 584 3446 ,
716 3349 887 3460 plicibus
910 3337 1050 3440 differt
1068 3360 1211 3445 modus
1238 3362 1464 3469 applicandi
1484 3391 1581 3454 unus
1605 3367 1656 3454 ab
1675 3374 1814 3469 altero.
1877 3377 1963 3491 Igi-

349 4243 371 4274 ”
525 4208 528 4214 ’
633 4263 635 4268 ·
714 4245 858 4359 plices.

713 3481 845 3576 turin
871 3477 1085 3591 symbolis,
1114 3489 1298 3598 expofita
1312 3493 1471 3604 actione
1486 3490 1620 3603 perA
1643 3553 1657 3602 ‚
1682 3501 1727 3588 vi
1747 3505 1843 3592 vira
1870 3531 1973 3620 puta
2025 3573 2032 3578 -

713 3607 876 3716 pch‚
911 3613 953 3694 ἃ
975 3630 1167 3723 tempore
1181 3641 1257 3728 per
1275 3613 1350 3726 T,
1372 3622 1430 3706 cst
1457 3617 1661 3714 szT.

779 3754 826 3824 Ω.
890 3730 1225 3849 Consequenter,
1277 3746 1423 3833 fiduae
1443 3745 1551 3836 uires
1568 3753 1675 3853 viva
1695 3783 1807 3868 purae
1828 3758 1906 3848 use
1927 3794 1970 3853 a.

714 3859 846 3969 gendo
870 3886 952 3948 non
992 3867 1208 3984 afficiant,
1275 3875 1411 3966 iuvent
1449 3879 1516 3964 uel
1552 3879 1816 3994 impediant,
1848 3915 1966 4000 agant

715 4010 848 4075 autem
880 4017 953 4101 per
970 4013 1162 4110 tempora
1193 4004 1400 4114 aqualia,
1442 4007 1619 4094 actiones
1647 4038 1782 4100 earum
1803 4015 1889 4103 sunt
1920 4044 1967 4110 ut

712 4117 964 4236 ipsaevbe55
1013 4125 1074 4213 bae
1099 4132 1211 4218 euim
1233 4133 1339 4219 uires
1366 4132 1531 4246 spectari
1552 4132 1754 4252 potsunt,
1808 4163 1853 4231 ut
1874 4149 1965 4236 sim-

785 4395 819 4486 3.
856 4371 902 4465 Si
918 4400 1050 4472 autem
1072 4385 1158 4482 dua
1180 4391 1287 4482 uires
1311 4387 1366 4480 fic
1383 4393 1647 4513 applicentur,
1660 4421 1703 4516 ut
1716 4428 1794 4494 una
1812 4430 1907 4526 agat
1925 4413 1966 4503 in

710 4499 881 4612 ‚alteram
898 4564 911 4612 ,
930 4531 1019 4598 tum
1044 4515 1085 4604 in
1104 4521 1365 4610 estinatione
1380 4532 1577 4646 actionum
1599 4557 1652 4622 ex
1680 4537 1786 4642 datis,
1799 4543 1964 4652 viribus,
2074 4601 2076 4604 -

713 4635 780 4720 uel
794 4636 943 4730 virium
958 4667 1011 4729 ex
1026 4644 1127 4734 datis
1147 4637 1396 4763 asinabus,
1424 4653 1573 4750 ruendi
1596 4663 1714 4756 sunu
1740 4663 1880 4778 debet,
1914 4693 1967 4757 m
2098 4657 2107 4670 ’

1796 4823 1962 4886 ,mm
