4352 5962
684 487 686 498 ·
728 472 830 584 yda
1175 445 1269 548 DE
1303 439 1583 548 ottramni

726 675 917 784 palorum
937 670 1104 782 linguas.
1166 666 1220 754 Et
1238 663 1346 775 apud
1363 657 1548 750 Graecos
1578 653 1816 773 Scytharum
1842 687 1998 756 nomen

727 827 800 912 per
810 821 1074 886 monumenta
1089 796 1211 880 eatasrt
1224 796 1443 897 celebrius,
1470 815 1591 906 quam
1613 791 1898 901 Scolotorum‚
1920 824 1987 884 yr-

708 957 814 1016 -rum
832 931 1005 1042 quidem,
1029 928 1092 1016 sed
1110 926 1323 1012 obscurum
1339 951 1500 1016 nomen.
1537 923 1685 1050 Mansit
1697 948 1834 1010 tamen
1851 920 1998 1013 Scolo·
2032 1020 2035 1026 ,

721 1077 864 1145 torum
883 1079 1032 1147 nomen
1067 1059 1170 1170 apud
1196 1053 1467 1144 Athenienses
1479 1058 1521 1140 in
1540 1054 1721 1140 ludibrio.
1789 1052 1906 1144 Nam
1923 1086 1995 1169 pu-

729 1188 826 1273 blici
841 1191 1008 1274 ministri
1025 1193 1066 1272 dt
1083 1185 1216 1292 vigiles
1239 1183 1416 1272 Athenis
1434 1188 1524 1274 diat
1541 1181 1632 1268 sunt'
1642 1181 1690 1269 Τ
1690 1179 1851 1300 chiron,
1867 1187 1992 1278 iidem
2143 1223 2144 1258 t

729 1319 772 1404 δε
791 1308 972 1431 Saddar
991 1323 1031 1404 dt
1048 1307 1455 1431 Toidruyfolotac
1475 1341 1498 1399 a
1516 1305 1697 1404 Scolotis
1711 1316 1991 1427 deprauamm.

584 1527 586 1532 ,
663 1499 665 1505 ·
727 1443 905 1558 Scythae
922 1447 1163 1558 iidem,quod
1183 1445 1359 1562 filginarii
1374 1442 1498 1530 erent
1518 1447 1558 1528 dt
1578 1445 1619 1529 in
1645 1443 1784 1534 medio
1800 1449 1895 1532 foro
1922 1447 1991 1536 ha.
2019 1437 2025 1444 ’

578 1589 585 1598 “
728 1577 996 1666 bitarent.sub
1019 1575 1199 1690 pellibus.
1272 1572 1342 1664 Sic
1368 1576 1475 1686 apud
1494 1576 1794 1688 Romanos-per
1812 1574 1988 1664 contem.
2143 1593 2144 1650 l

729 1729 849 1818 ptum
870 1702 1169 1821 aPhrygibus,
1200 1705 1360 1833 Dacis,
1391 1698 1524 1816 Syris,
1547 1699 1678 1814 Getis,
1702 1703 1807 1796 serui
1825 1711 1984 1797 nondun
2143 1767 2144 1788 r

725 1837 915 1932 habuere.
1143 1861 1145 1870 ’
1310 1849 1313 1862 ’

836 1969 1045 2091 Quantum
1063 1968 1103 2052 in
1128 1965 1203 2052 hac
1230 1959 1463 2078 Scytharum
1488 1969 1714 2054 narratione
1738 1961 1842 2079 dpud
1856 1965 1988 2058 Hero-
2143 1957 2144 2004 ³

727 2096 873 2187 dotum
907 2125 1046 2186 terum
1074 2095 1154 2186 else
1188 2099 1396 2205 videaur,
1428 2099 1701 2210 quaerendum
1721 2095 1842 2185 nobis
1870 2099 1984 2199 duco.

727 2229 820 2334 Ego
849 2256 948 2315 uero
976 2232 1178 2318 eiusmodi
1203 2249 1357 2316 veteres
1403 2231 1579 2340 gentium
1624 2231 1847 2317 memorias
1893 2255 1984 2318 con-

723 2377 1011 2444 temnere-non
1033 2357 1157 2458 soleo,
1225 2357 1369 2465 Forte,
1381 2358 1487 2470 quod
1507 2359 1646 2444 alone
1664 2365 1705 2448 ἃ
1722 2357 1980 2468 Boryllheni·

723 2487 806 2574 ride
847 2482 1086 2574 Herodotus
1122 2493 1397 2602 interpretans
1430 2491 1487 2575 est
1517 2486 1755 2604 Targitaum
1797 2513 1979 2605 progna-
2143 2493 2144 2552 ἴ

621 2715 624 2722 ,
725 2637 813 2702 rum
829 2611 939 2702 soille
960 2673 973 2724 ,
995 2619 1037 2702 id
1053 2641 1105 2702 eo
1120 2617 1287 2728 ilicium,
1306 2619 1415 2733 quod
1432 2641 1547 2730 pater
1564 2623 1602 2706 ei
1625 2621 1828 2732 Pappseus
1847 2623 1984 2734 aliquis

726 2743 980 2860 (Pappacum
1006 2772 1137 2832 autem
1165 2749 1356 2838 strumum
1386 2750 1506 2838 deum
1534 2750 1669 2837 dixere
1692 2748 1867 2860 Scythae
1884 2753 1980 2857 ‚lo·

725 2902 821 2962 uem
839 2876 944 2963 suum
966 2877 1205 2966 Herodotus
1224 2877 1390 2994 putauit)
1407 2884 1448 2967 dt
1473 2899 1604 2967 mater
1630 2909 1658 2966 e
1680 2879 1916 2968 Cimmeriis
1936 2884 1983 2970 ad

655 2989 662 3012 ’
724 3004 1140 3116 Borysthenem‚rcgia
1153 3009 1282 3096 domo
1298 3010 1463 3096 oriunda
1476 3007 1580 3096 effer
1596 3009 1982 3124 SubTargitaoScy.

473 3263 475 3270 Α
602 3151 604 3155 ’
729 3135 823 3221 thre
842 3138 881 3222 in
899 3163 1017 3222 vnum
1033 3161 1180 3252 corpus
1198 3141 1552 3250 &rempublicam
1568 3141 1983 3254 coaluerediuifipoll-

728 3293 774 3350 ca
796 3269 836 3352 in
862 3287 939 3358 tres
963 3269 1042 3352 cius
1068 3269 1173 3353 filios
1190 3270 1436 3379 totidemque
1460 3269 1595 3358 tribus.
1659 3269 1848 3384 Plerique
1863 3297 1984 3385 popu-
2143 3353 2144 3392 y

726 3397 752 3482 li
777 3425 803 3482 a
825 3399 1035 3512 constrnrty
1052 3401 1230 3507 primum
1244 3391 1455 3511 republica
1491 3421 1555 3486 aut
1579 3401 1715 3516 insigni
1741 3406 1869 3514 aliqua
1894 3429 1983 3490 coa-
2143 3401 2144 3492 l

723 3529 901 3615 uersrone
918 3516 1115 3640 originem
1133 3531 1388 3640 repetierunt.
1425 3619 1429 3624 ,
1453 3519 1653 3618 Chaldaei
1679 3527 1912 3620 Callistheni
1937 3534 1984 3619 de
2143 3523 2144 3576 ³

725 3659 920 3742 uetustate
934 3681 1078 3742 eorum
1087 3657 1323 3769 sciscitanti,
1353 3661 1462 3745 mille
1474 3681 1772 3769 nongentorum
1786 3667 1909 3750 trium
1922 3689 1983 3748 an-
2143 3705 2144 3729 l

725 3811 873 3870 norum
891 3786 1086 3874 summam
1105 3789 1268 3876 edidere
1288 3827 1301 3896 y
1339 3791 1436 3876 teste
1455 3787 1684 3903 Porphyrio
1703 3793 1805 3905 apud
1825 3791 1986 3904 Simpli-
2143 3791 2144 3798 ‘

726 3905 836 4002 cium
855 3917 906 4003 de
927 3917 1056 4010 caelo.
1118 3921 1185 4009 Ex
1203 3945 1283 4032 quo
1296 3923 1503 4030 colligitur,
1519 3919 1748 4030 Chaldaeos
1764 3940 1921 4006 centum
1940 3942 1984 4008 et

723 4049 954 4166 quindecim
973 4051 1080 4134 annis
1095 4051 1248 4138 diluuio
1260 4051 1524 4162 posteriorem
1537 4055 1664 4158 gentis
1680 4053 1770 4138 suae
1782 4052 1985 4165 originem
2061 4112 2063 4120 ,

667 4227 669 4232 s
725 4175 895 4290 posuilse
917 4233 930 4283 ,
954 4178 1074 4264 abeo
1098 4200 1287 4292 tempore
1305 4205 1398 4268 cum
1418 4183 1644 4292 reipublicae
1662 4185 1841 4270 formam
1856 4180 1982 4268 irbie-

537 4403 543 4410 ,
724 4327 831 4410 tunt.
861 4310 974 4412 Ergo
987 4331 1079 4392 curn
1091 4306 1382 4419 Scythaemille
1394 4313 1505 4396 annis
1516 4309 1735 4410 anteDarii
1755 4313 1985 4422 expeditio·

725 4459 823 4526 nem
838 4433 877 4522 se
895 4455 1012 4522 ortos
1022 4437 1360 4552 *tradaminitium
1381 4442 1604 4562 reipublicae
1621 4439 1709 4532 suae
1725 4441 1846 4530 nobis
1866 4470 1985 4552 appe·

1862 4575 1980 4668 riunt.
