4386 5980
458 477 469 492 '
602 489 987 595 ncnrmnn.
1298 447 1460 647 ‘407
1551 441 1598 582 Ῐ
1712 473 1717 542 ³

313 675 383 768 Oa
398 673 516 766 Ponti
536 671 878 794 seulioshporum
892 659 1105 772 effe'latum
1255 771 1257 774 ,
1312 703 1349 810 4

313 803 379 897 Os
396 803 522 894 Ponti
534 806 610 892 effe
623 806 792 922 longum
809 837 936 924 nsque
954 815 1004 902 ad
1020 809 1133 899 Pro·
1436 851 1441 862 ¹

421 935 649 1048 pontidem,
661 940 879 1028 admodum
1258 962 1352 1032 120

249 1149 254 1158 ,
308 1057 606 1177 Propontidem
622 1065 699 1154 asse
719 1071 847 1167 latam
1063 1111 1065 1116 ·
1252 1089 1345 1182 500
1419 1063 1422 1070 ’

309 1194 364 1280 Et
383 1195 554 1310 longam
1221 1217 1349 1320 ¹400
1498 1275 1505 1286 .

193 1439 422 1538 Secundum
439 1449 508 1538 has
526 1450 649 1556 igitur
669 1449 1084 1559 Herodotitationes,
1095 1455 1135 1538 in
1153 1454 1202 1540 iis
1214 1455 1459 1568 regionibns,

192 1578 402 1690 dequibus
420 1579 676 1690 quaerimus,
709 1581 751 1663 in
771 1580 943 1691 gradum
961 1581 1224 1691 longitudinis
1241 1603 1364 1667 vnum
1375 1585 1451 1670 sta-

189 1707 254 1792 dia
268 1701 519 1792 CCXLVII
538 1701 656 1794 arunt
670 1709 934 1814 numeranda,
957 1709 1107 1819 singula
1124 1711 1271 1820 pedum
1296 1707 1455 1796 sexcen.

188 1852 328 1920 torum
341 1887 352 1934 ,
364 1854 410 1916 yt
427 1829 664 1921 Herodotus
683 1830 823 1924 diserte
832 1837 1012 1946 postulat:
1030 1835 1091 1920 seu
1107 1839 1231 1948 pedes
1256 1833 1454 1930 208200

47 2021 49 2026 ·
187 1956 317 2051 Nunc
351 1961 642 2048 dimenfionem
682 1961 868 2070 Scythiae
905 1965 1189 2078 adxcalculum
1226 1968 1468 2088 exigemus„

284 2077 302 2090 ’
713 2089 809 2200 dies,
829 2092 982 2202 stadia,
1034 2095 1180 2207 gradus
1198 2117 1284 2179 cum
1297 2095 1452 2206 pedibus

186 2211 674 2327 Ablstroadssorysthe·
1273 2305 1278 2317 ,

251 2373 346 2434 nem
525 2355 567 2380 “·
745 2367 806 2438 1ο
867 2367 1120 2466 20005
1261 2368 1455 2466 159000
1591 2445 1596 2456 Δ

184 2473 234 2566 A
252 2472 504 2584 Borysthene
524 2475 577 2559 ad
787 2551 795 2574 ,

250 2601 433 2695 Maeotin
744 2623 804 2693 10
866 2624 996 2696 2000
1097 2621 1119 2722 5
1259 2623 1453 2722 ¹59000
1538 2603 1558 2614 “

71 2755 76 2767 “
182 2729 261 2825 Ab
278 2736 438 2817 oriente
456 2731 504 2818 a'd
524 2733 632 2817 occi·

247 2859 411 2946 dentem
439 2855 621 2969 Scythiae
731 2879 796 2948 20
857 2875 994 2980 4000
1070 2879 1123 2970 11
1261 2856 1451 2974 109800

179 2981 231 3076 A
251 2989 386 3076 Ponto
399 2987 448 3070 ad
469 2991 623 3076 Melan·
683 3044 691 3063 .

244 3116 713 3227 chlaenosseuseptemtt.
737 3133 805 3207 20
865 3132 1000 3238 4000
1107 3107 1137 3206 8
1385 3140 1446 3238 -5

178 3367 299 3458 Duae
320 3369 583 3460 dimensiones
600 3368 888 3477 Herodoteae,
914 3397 1007 3484 quas
1025 3372 1166 3481 'primo
1186 3371 1284 3456 loco
1305 3372 1442 3485 posui,

178 3526 262 3584 non
282 3501 768 3588 admodnm'abhorrenta
787 3510 965 3605 veritate,
990 3501 1019 3585 fi
1037 3503 1087 3584 ab
1108 3502 1213 3586 Istro
1230 3501 1280 3584 ad
1299 3509 1436 3613 Bory.

178 3627 354 3714 sthenem
381 3649 548 3736 propter
576 3629 682 3714 littus
713 3633 788 3714 iter
807 3632 999 3734 instituas,
1016 3655 1116 3739 quae
1135 3627 1262 3714 canffa
1278 3631 1364 3736 est,
1397 3653 1443 3718 vt

174 3755 358 3841 Maeotis
386 3780 546 3866 qnoque
569 3781 591 3839 a
618 3757 870 3866 Borysthene
895 3759 1043 3868 aequali
1072 3759 1196 3868 spatio
1215 3757 1438 3854 dirimatur.

178 3873 300 3966 Nam
314 3886 537 3994 vtrobique,
552 3909 624 3992 per
645 3889 823 3970 littorum
842 3892 881 3972 in
899 3889 1083 3970 interiora
1100 3886 1369 3972 recedentium
1391 3888 1438 3974 st-
1601 3983 1603 3990 ,

172 4036 257 4114 nus,
278 4009 406 4098 cursus
426 4014 668 4122 interceptus
683 4015 767 4098 fuit.
811 4075 814 4082 -
831 4011 896 4098 At
910 4015 950 4095 in
966 4014 1069 4124 agris
1093 4011 1284 4122 Scythicis
1302 4015 1437 4100 libero

173 4143 408 4249 patentique
428 4164 602 4250 camp0,
623 4141 689 4250 qui
708 4164 785 4225 nec
804 4143 914 4250 syluis
928 4167 1000 4225 nec
1015 4145 1208 4228 montium
1226 4142 1328 4251 iugis
1352 4144 1428 4224 im-

173 4269 389 4386 yaediretun
414 4273 567 4355 retium
589 4287 673 4354 erat
683 4271 773 4360 iter.
840 4270 886 4354 In
904 4293 984 4352 vno
1003 4270 1148 4373 ambigi
1167 4269 1316 4379 potest,
1342 4291 1435 4366 cum

175 4396 224 4490 ab
244 4397 457 4482 occidente
475 4398 672 4486 orientem
687 4394 815 4488 versut
828 4396 967 4510 viginti
986 4400 1092 4486 viam
1110 4397 1262 4488 dietum
1273 4393 1434 4484 effeHe„

762 4521 768 4527 ’
1307 4523 1432 4614 todo-
1560 4586 1578 4614 .
