4298 5952
701 439 884 671 ργο.ι
1058 588 1064 600 ·
1171 638 1188 688 ·.
1252 537 1499 642 VASA
1686 517 1688 524 Ι

673 871 676 882 ,
705 823 823 906 rere,
842 825 952 888 num
971 797 1073 884 inter
1088 795 1180 884 alias
1199 793 1342 901 catriae,
1353 795 1403 881 ab
1422 797 1490 886 usu
1507 795 1705 910 spirituum
1724 793 1960 908 ardentium,

702 917 873 1042 quorum
889 934 930 1014 in
944 928 1224 1040 tutolmperio
1247 947 1354 1013 tanta
1368 928 1424 1012 est
1448 931 1672 1016 consumtio
1698 981 1711 1033 ‚
1738 929 1960 1018 incolanun

704 1061 886 1172 optimus
900 1059 1052 1146 habitus
1069 1063 1111 1145 dc
1125 1061 1228 1144 cutis
1248 1061 1366 1144 color
1389 1055 1956 1170 florentissimusprocedant,

703 1192 763 1276 uti
780 1192 822 1275 in
844 1187 1238 1274 hanccesententiam
1256 1188 1577 1299 propendemus,
1603 1190 1780 1299 amplam
1797 1187 1956 1274 sanedi-

702 1320 822 1405 cendi
840 1321 1052 1406 materiam
1065 1319 1322 1423 haberemus,
1347 1337 1436 1404 tum
1460 1321 1513 1408 de
1535 1319 1662 1406 hacce
1680 1317 1962 1405 cousuetudine

699 1454 953 1563 perantiqua,
973 1469 1059 1535 tum
1071 1451 1120 1534 de
1138 1450 1226 1535 aliis
1239 1447 1339 1532 scitu
1353 1447 1594 1566 diguis‚qu.a
1603 1450 1653 1533 de
1665 1447 1834 1537 Ruilrcae
1842 1440 1953 1536 Geu-

698 1584 749 1668 tia
768 1581 888 1666 vitius
905 1582 1087 1684 ratione,
1114 1579 1303 1683 sanitate,
1334 1581 1488 1666 morbis
1512 1634 1524 1683 ‚
1556 1577 1744 1666 remediis
1762 1573 1789 1683 ,¹
1809 1583 1985 1689 partim,

697 1706 868 1798 Doara
892 1709 1146 1818 Mediconun
1175 1710 1420 1818 aliorumque
1441 1711 1652 1800 hominum
1678 1707 1958 1817 relationibus,

697 1841 849 1950 partim
865 1840 1111 1949 experientia
1135 1841 1303 1950 propria
1329 1838 1558 1932 didicimus.
1623 1835 1727 1928 Haec
1743 1863 1841 1924 vero
1859 1841 1899 1924 iu
1919 1869 1958 1928 a·

621 1983 623 1988 ’
682 1969 798 2066 ¹liam
815 1970 1063 2062 occasionem
1083 1969 1340 2054 commodius
1353 1966 1600 2061 reiiciuntur.
1633 1970 1635 1974 ’

812 2095 1072 2210 Itaquequod
1083 2099 1133 2184 ad
1143 2096 1334 2184 inceffum
1347 2097 1631 2208 chyliferorum
1646 2092 1827 2208 speetu,
1859 2123 1960 2214 qua·
2072 2112 2081 2136 ’

607 2251 852 2376 Wcunque
873 2251 985 2339 parre
1003 2229 1199 2334 intestini,
1230 2228 1311 2314 srue
1329 2223 1617 2318 anterioresrve
1642 2228 1872 2339 posteriore
1896 2233 1953 2318 iu·

586 2313 901 2507 ἴιοίὶιςιιίο
920 2359 1136 2444 instituatur
1158 2359 1343 2469 ‚duplex
1360 2357 1653 2472 chyliferorum
1666 2359 1781 2443 ‘ordo
1804 2357 1870 2447 seu
1896 2389 1956 2449 ra·

533 2578 564 2634 ,ἶ
594 2554 602 2571 .
598 2447 932 2573 “'mificatio
922 2487 1233 2599 inconspectum
1248 2489 1384 2574 venire
1404 2489 1535 2594 solet,
1562 2489 1613 2574 de
1635 2515 1709 2599 qua
1734 2507 1871 2576 tannen
1887 2493 1955 2578 ha-

625 2619 841 2706 .dieuus
858 2645 983 2706 nemo
998 2618 1109 2730 quod
1127 2618 1269 2732 sciam,
1303 2619 1411 2704 five
1401 2644 1588 2726 iconem,
1618 2617 1698 2702 siue
1715 2617 1957 2732 descriptio·

637 2751 802 2834 'nem
820 2749 1145 2860 communicavit.
1205 2747 1318 2834 Tum
1337 2745 1467 2858 sede,
1500 2769 1587 2836 tum
1598 2749 1732 2836 sunna
1750 2775 1773 2834 a
1795 2747 1871 2834 se
1857 2755 1958 2837 runi-

473 2861 477 2872 l
575 2833 675 2904 ,ιι
707 2900 797 2964 cem
817 2880 1031 2996 plurimum
1049 2873 1285 2988 discrepant·
1350 2878 1458 2981 Una,
1484 2901 1572 2989 quae
1591 2877 1826 2988 profundior
1843 2873 1963 2968 adeo-

528 2965 643 3164 ὦ*
706 3033 784 3120 que
810 3009 963 3120 origini
987 3010 1164 3120 propior
1182 3007 1267 3112 est,
1301 3005 1667 3094 interrasculosam
1685 3009 1727 3092 dt
1752 3007 1958 3096 musculo-

548 3145 557 3162 ⁰
610 3155 620 3175 ·
670 3137 979 3264 ,[ιιιιιίιιιιίοιιιι
999 3140 1229 3224 continetur
1258 3200 1270 3241 ‚
1300 3137 1473 3249 ideoque
1496 3139 1630 3226 minus
1656 3137 1873 3251 conspicua
1892 3141 1962 3245 esta

704 3273 748 3358 δι
775 3290 932 3356 tantum
951 3293 1022 3380 per
1038 3267 1224 3353 nebulam
1239 3267 1452 3355 internosci
1467 3267 1612 3379 potest.
1684 3264 1802 3356 Pone
1819 3293 1957 3356 unam-

703 3425 901 3512 quamque
913 3397 1443 3508 valmlamconni'ventem
1475 3399 1564 3482 talis
1575 3395 1817 3487 ramificatio
1834 3399 1966 3487 arbua·

616 3584 625 3599 ·
703 3531 839 3615 culam
873 3527 1051 3613 referens
1079 3583 1091 3630 ‚
1124 3525 1174 3611 ad
1204 3545 1412 3642 utrumque
1445 3529 1609 3612 intestini
1641 3527 1772 3635 latras,
1817 3529 1967 3642 situque

703 3660 974 3766 transuersal‚
1006 3658 1069 3742 seu
1085 3657 1198 3768 quod
1220 3655 1329 3742 idem
1355 3661 1432 3763 est,
1470 3683 1560 3742 cnm
1585 3655 1697 3744 fibris
1720 3659 1968 3747 annularibus

644 3785 648 3796 ’
708 3773 921 3900 parallelo,
963 3760 1196 3889 incuriosi,
1229 3766 1370 3897 hae'que
1388 3787 1696 3874 ramificationes
1720 3789 1900 3876 libitum
1927 3793 1971 3876 iu
2006 3869 2010 3877 .

707 3945 813 4028 uno,
843 3943 962 4031 quam
978 3918 1019 4002 in
1040 3917 1188 4000 alteru
1191 3917 1315 4002 latere
1333 3891 1543 4003 simillimae
1566 3917 1666 4024 sunt,
1676 3919 1826 4030 absque
1850 3919 1969 4006 leni.-

548 4071 555 4080 ·
705 4050 776 4136 bili
786 4071 922 4135 tamen
930 4049 1300 4133 communicatione.
1326 4045 1405 4134 Per
1413 4047 1528 4134 halcu
1545 4070 1645 4134 vern
1659 4049 1969 4136 rauuficauones

708 4205 924 4290 earumque
939 4198 1120 4264 truncum
1131 4175 1264 4286 chylus
1278 4177 1457 4264 reciavia
1474 4176 1524 4262 ad
1540 4175 1817 4264 mesenterium
1827 4181 1968 4269 tendit.

832 4305 960 4418 Super
980 4307 1115 4392 haecee
1138 4291 1362 4416 inuisere,
1398 4309 1583 4420 quadam
1609 4311 1682 4394 alia
1707 4309 1969 4396 deambulare

551 4436 559 4455 '
624 4443 636 4469 ⁶
711 4438 887 4526 vidimus
906 4436 974 4522 sub
990 4437 1143 4522 extima
1162 4435 1327 4543 tunica,
1355 4461 1444 4548 quae
1470 4439 1591 4522 instar
1616 4438 1707 4524 vitri
1723 4458 1970 4550 transparena

709 4571 766 4662 cli
775 4625 792 4680 ,
819 4591 988 4684 quonam
1006 4585 1237 4682 eapropter
1257 4565 1511 4696 conspecturi
1536 4568 1714 4670 obtinere
1732 4563 1972 4783 facillimnrplr

1831 4729 1835 4739 ¹
1911 4725 1935 4786 e
