4298 5952
610 433 790 632 'aas
899 433 1011 476 ¹*
1217 499 1458 606 vasa

663 759 834 848 micula
848 751 1174 847 obseruationum
1196 757 1510 846 anatomicam
1528 756 1761 876 exemplum
1779 766 1931 882 exstat,

665 890 851 978 nondum
866 889 1061 1004 explicati·
1073 884 1190 1002 polle
1205 888 1449 978 censemus..
1553 989 1556 995 ,
1711 925 1713 933 v

776 1063 1037 1178 Postremo,
1075 1085 1122 1155 ut
1147 1066 1334 1156 =historiae
1376 1063 1501 1154 finem
1541 1068 1835 1186 inponamus,
1887 1066 1932 1156 iu
2114 1103 2115 1106 ¹

663 1204 710 1294 iis
719 1203 894 1294 lubiediis
918 1202 1107 1318 inquibus
1115 1197 1756 1312 pluralitastumreceptaculorum
1771 1221 1929 1291 nunca-

658 1332 807 1422 nulium
820 1334 1142 1431 thoracicorum,
1162 1327 1215 1412 ad
1230 1327 1519 1417 fimilitudinem
1530 1327 1714 1441 descripti
1728 1331 1836 1418 casus
1850 1356 1924 1422 oe-

662 1467 819 1572 currit,
857 1461 1203 1552 determinandum
1242 1455 1300 1544 est
1323 1459 1408 1568 quis
1425 1457 1598 1547 duorum
1622 1464 1791 1572 proprie
1805 1495 1808 1502 ¹
1822 1462 1921 1576 chy.

659 1593 794 1682 liferm
824 1595 872 1684 fit
914 1587 933 1678 ἓ
983 1587 1104 1686 Nam
1130 1586 1407 1702 improbabile
1436 1589 1592 1674 videtau
1626 1607 1795 1700 utroque
1816 1593 1927 1682 iimrl

661 1721 828 1834 chyium
858 1721 1009 1810 sursum
1033 1716 1188 1804 devehi.
1239 1711 1247 1720 ’
1271 1714 1414 1836 Quare
1450 1771 1464 1838 ,
1494 1716 1524 1804 ii
1560 1717 1709 1804 nullum
1739 1719 1843 1806 aliud
1873 1725 1922 1810 fi.

659 1875 784 1962 gnum
813 1919 826 1963 ,
855 1849 1187 1967 quodifferentia
1214 1845 1301 1934 hac
1323 1847 1533 1946 internolci
1558 1865 1681 1958 queat
1708 1854 1922 1958 occurrit,

658 1977 1103 2100 suspicarilicet(modo
1122 1971 1394 2062 conformatio
1411 1975 1545 2088 dispar
1556 1973 1741 2090 sntJillum
1755 1985 1923 2092 proprie

659 2137 740 2222 pro
758 2110 954 2223 chylifero
972 2106 1209 2198 habendum
1226 2100 1306 2189 elle
1329 2169 1342 2214 ‚
1374 2110 1480 2193 cuius
1497 2105 1579 2192 five
1597 2105 1689 2192 litus
1709 2108 1790 2195 saue
1820 2135 1920 2199 con.

661 2243 854 2328 formatio
871 2235 964 2331 c'um
984 2239 1145 2356 cognita
1159 2235 1351 2322 strustutn
1364 2237 1497 2324 &litu
1521 2234 1728 2326 ordinario
1748 2245 1922 2330 maxime

663 2373 890 2478 conuenit,
920 2373 1010 2485 quia
1033 2367 1142 2455 nulla
1172 2365 1276 2450 ratio
1297 2365 1354 2451 est
1377 2383 1421 2450 ut
1452 2369 1493 2450 in
1526 2365 1680 2452 duobus
1719 2371 1922 2460 canalibus

422 2615 427 2624 ,
475 2575 487 2628 ·.
663 2501 835 2587 eundem
851 2501 1049 2613 liquorem
1084 2493 1328 2582 tranantibus
1353 2495 1508 2582 diuersa
1524 2494 1611 2582 infit
1637 2492 1921 2598 confirmatio,

509 2675 519 2696 ·
581 2657 597 2709 ·.
661 2621 885 2744 Propterea
901 2633 942 2718 in
963 2629 1107 2716 nostro
1122 2624 1294 2712 subieibo
1308 2649 1392 2710 non
1407 2627 1612 2744 immerito
1632 2651 1711 2737 pro
1735 2628 1924 2738 chyliiero

661 2755 857 2849 finistmm
874 2757 930 2854 C,
950 2755 1212 2868 'agnoscimus
1231 2755 1333 2865 ‚per
1350 2781 1467 2866 quem
1488 2752 1626 2870 chylus
1647 2756 1749 2846 uenti
1765 2783 1843 2874 per
1860 2763 1918 2848 al·

492 2969 498 2976 .
660 2907 788 2980 terram
807 2887 1053 3010 canalemD.
1078 2884 1245 2999 lynnpna
1261 2946 1274 2991 ‚
1289 2883 1522 2972 deuoluitur.

816 3063 1023 3162 Caeterum
1080 3094 1154 3182 per
1200 3069 1388 3184 exempla
1431 3068 1547 3156 citata
1596 3067 1795 3159 incernmr
1836 3061 1918 3166 ,duss

661 3195 848 3314 biumque
893 3201 984 3288 fieri
1029 3201 1238 3308 uidetur,
1282 3201 1464 3313 quisnam
1490 3201 1677 3312 genuinus
1726 3207 1770 3288 δι
1802 3219 1920 3288 natu·

658 3353 718 3416 rae
758 3330 892 3442 magis
924 3323 1208 3422 consentaneus
1245 3353 1429 3418 numerus
1462 3327 1604 3416 harum
1641 3333 1797 3420 uiarum
1830 3324 1917 3418 fit?

653 3459 748 3570 quia
764 3461 913 3546 infiniti
929 3460 1035 3548 casus
1056 3460 1142 3546 dari
1154 3457 1346 3572 poliunt,
1366 3460 1560 3572 inquibus
1575 3458 1723 3571 duplici
1737 3485 1916 3574 receptu-

536 3683 539 3696 ,
653 3590 748 3676 culo
782 3589 978 3704 dolioque
1020 3588 1229 3678 thoracico
1246 3611 1405 3674 ·carere
1447 3588 1709 3701 periculosum
1751 3589 1916 3702 videtum

652 3720 709 3816 Et
729 3719 820 3834 quia
849 3743 988 3806 recens
1012 3724 1054 3808 δι
1076 3722 1116 3806 io
1146 3721 1281 3834 paucis
1311 3718 1540 3838 hominibus
1568 3723 1808 3808 tentata-fuit
1825 3720 1915 3808 haec

655 3847 1122 3959 encheiresrsanatomica
1135 3845 1420 3964 (adminimrun
1443 3875 1518 3964 qua
1544 3875 1620 3935 nos
1642 3853 1913 3963 proponimus

654 3973 869 4092 mednodo)
885 3978 1066 4092 suspicari
1084 3982 1196 4083 licet,
1219 4003 1267 4066 an
1282 3977 1436 4066 desediu
1450 3979 1632 4066 methodi
1650 3986 1691 4067 &
1709 3983 1914 4089 diligentia

654 4108 792 4220 potius
808 4107 934 4222 quam'
946 4108 1112 4196 naturali
1123 4107 1274 4198 defectu
1282 4109 1356 4195 uiae
1369 4111 1420 4196 de
1428 4109 1570 4221 quibus
1577 4109 1711 4196 sermo
1721 4135 1823 4202 nunc
1842 4113 1911 4224 cll,

656 4233 837 4347 duplices
862 4243 981 4327 rania
1003 4231 1169 4326 inientae
1193 4235 1293 4332 sunt.
1365 4237 1679 4360 Quamobrem
1697 4239 1911 4352 suademus,

654 4383 698 4456 ut
711 4366 828 4452 telin
846 4386 1015 4479 utroque
1026 4369 1209 4480 inguine,
1230 4367 1298 4458 vel
1314 4369 1365 4454 ad
1379 4391 1588 4484 utumque
1604 4371 1705 4471 latus
1718 4372 1910 4483 aquaricu

656 4493 753 4590 buti
763 4495 878 4611 supra
894 4497 1044 4591 dicium
1053 4499 1126 4610 est,
1139 4497 1487 4616 haeccedisquilitio
1503 4497 1607 4620 saepe
1624 4501 1858 4591 instituatur.

733 4691 738 4706 ·
1784 4629 1912 4725 Nunc
