<?xml version="1.0" encoding="UTF-8"?>
<!DOCTYPE html PUBLIC "-//W3C//DTD XHTML 1.0 Transitional//EN"
    "http://www.w3.org/TR/xhtml1/DTD/xhtml1-transitional.dtd">
<html xmlns="http://www.w3.org/1999/xhtml" xml:lang="en" lang="en">
 <head>
  <title>
</title>
<meta http-equiv="Content-Type" content="text/html;charset=utf-8" />
  <meta name='ocr-system' content='tesseract 3.04.00' />
  <meta name='ocr-capabilities' content='ocr_page ocr_carea ocr_par ocr_line ocrx_word'/>
</head>
<body>
  <div class='ocr_page' id='page_1' title='image "./commentariiacad02sssrgoog_0349.png"; bbox 0 0 4298 5952; ppageno 0'>
   <div class='ocr_carea' id='block_1_1' title="bbox 695 493 1548 656">
    <p class='ocr_par' dir='ltr' id='par_1_1' title="bbox 695 493 1548 656">
     <span class='ocr_line' id='line_1_1' title="bbox 695 493 1548 656; baseline -0.005 -46"><span class='ocrx_word' id='word_1_1' title='bbox 695 525 795 656; x_wconf 74' lang='lat'>298</span> <span class='ocrx_word' id='word_1_2' title='bbox 1232 503 1321 610; x_wconf 86' lang='lat' dir='ltr'>DE</span> <span class='ocrx_word' id='word_1_3' title='bbox 1345 493 1548 610; x_wconf 72' lang='lat' dir='ltr'>MOTV</span> 
     </span>
    </p>
   </div>
   <div class='ocr_carea' id='block_1_2' title="bbox 454 733 2110 4666">
    <p class='ocr_par' dir='ltr' id='par_1_2' title="bbox 483 733 1976 1269">
     <span class='ocr_line' id='line_1_2' title="bbox 650 733 1974 874; baseline -0.004 -26"><span class='ocrx_word' id='word_1_4' title='bbox 650 777 655 784; x_wconf 88' lang='grc'><em>·</em></span> <span class='ocrx_word' id='word_1_5' title='bbox 698 733 791 858; x_wconf 59' lang='lat' dir='ltr'>xlm</span> <span class='ocrx_word' id='word_1_6' title='bbox 809 753 1083 848; x_wconf 78' lang='lat' dir='ltr'>musctdatlmn</span> <span class='ocrx_word' id='word_1_7' title='bbox 1102 749 1311 843; x_wconf 86' lang='lat' dir='ltr'>recondita</span> <span class='ocrx_word' id='word_1_8' title='bbox 1326 749 1467 842; x_wconf 85' lang='lat' dir='ltr'>inflare</span> <span class='ocrx_word' id='word_1_9' title='bbox 1486 743 1607 864; x_wconf 82' lang='lat' dir='ltr'>polllt</span> <span class='ocrx_word' id='word_1_10' title='bbox 1626 779 1641 867; x_wconf 89' lang='lat'>;</span> <span class='ocrx_word' id='word_1_11' title='bbox 1666 753 1729 842; x_wconf 88' lang='lat' dir='ltr'>alii</span> <span class='ocrx_word' id='word_1_12' title='bbox 1745 753 1881 874; x_wconf 76' lang='lat' dir='ltr'>rursm</span> <span class='ocrx_word' id='word_1_13' title='bbox 1895 763 1974 855; x_wconf 76' lang='lat' dir='ltr'>ali·</span> 
     </span>
     <span class='ocr_line' id='line_1_3' title="bbox 701 883 1974 1006; baseline -0.008 -20"><span class='ocrx_word' id='word_1_14' title='bbox 701 889 1013 996; x_wconf 84' lang='lat' dir='ltr'>ter&#39;senserunt,</span> <span class='ocrx_word' id='word_1_15' title='bbox 1052 913 1142 1000; x_wconf 79' lang='lat' dir='ltr'>quae</span> <span class='ocrx_word' id='word_1_16' title='bbox 1172 883 1457 970; x_wconf 75' lang='lat' dir='ltr'>sententiarum</span> <span class='ocrx_word' id='word_1_17' title='bbox 1487 883 1688 972; x_wconf 75' lang='lat' dir='ltr'>diverlitaa</span> <span class='ocrx_word' id='word_1_18' title='bbox 1706 883 1792 975; x_wconf 84' lang='lat' dir='ltr'>latis</span> <span class='ocrx_word' id='word_1_19' title='bbox 1812 895 1974 1006; x_wconf 67' lang='lat' dir='ltr'>probat,</span> 
     </span>
     <span class='ocr_line' id='line_1_4' title="bbox 483 1007 1976 1136; baseline 0.003 -23"><span class='ocrx_word' id='word_1_20' title='bbox 483 1125 486 1133; x_wconf 17' lang='lat' dir='ltr'><em>ff</em></span> <span class='ocrx_word' id='word_1_21' title='bbox 552 1019 555 1024; x_wconf 75' lang='grc'><strong>’</strong></span> <span class='ocrx_word' id='word_1_22' title='bbox 705 1029 782 1113; x_wconf 78' lang='lat' dir='ltr'>vix</span> <span class='ocrx_word' id='word_1_23' title='bbox 817 1023 923 1112; x_wconf 92' lang='lat' dir='ltr'>aliud</span> <span class='ocrx_word' id='word_1_24' title='bbox 951 1044 1071 1136; x_wconf 88' lang='lat' dir='ltr'>quam</span> <span class='ocrx_word' id='word_1_25' title='bbox 1103 1017 1349 1134; x_wconf 69' lang='lat' dir='ltr'>coniecturas</span> <span class='ocrx_word' id='word_1_26' title='bbox 1380 1016 1424 1100; x_wconf 90' lang='lat' dir='ltr'>in</span> <span class='ocrx_word' id='word_1_27' title='bbox 1455 1007 1539 1097; x_wconf 87' lang='lat' dir='ltr'>hoc</span> <span class='ocrx_word' id='word_1_28' title='bbox 1558 1015 1797 1123; x_wconf 87' lang='lat' dir='ltr'>argumento&#39;</span> <span class='ocrx_word' id='word_1_29' title='bbox 1819 1027 1976 1116; x_wconf 81' lang='lat' dir='ltr'>incerto</span> 
     </span>
     <span class='ocr_line' id='line_1_5' title="bbox 677 1143 1971 1269; baseline -0.002 -23"><span class='ocrx_word' id='word_1_30' title='bbox 677 1249 679 1253; x_wconf 71' lang='grc'>,</span> <span class='ocrx_word' id='word_1_31' title='bbox 703 1155 789 1246; x_wconf 84' lang='lat' dir='ltr'>dar&#39;i</span> <span class='ocrx_word' id='word_1_32' title='bbox 805 1153 943 1268; x_wconf 79' lang='lat' dir='ltr'>polle,</span> <span class='ocrx_word' id='word_1_33' title='bbox 965 1151 1119 1261; x_wconf 86' lang='lat' dir='ltr'>hasque</span> <span class='ocrx_word' id='word_1_34' title='bbox 1139 1143 1377 1234; x_wconf 78' lang='lat' dir='ltr'>inter-illam</span> <span class='ocrx_word' id='word_1_35' title='bbox 1407 1147 1615 1257; x_wconf 79' lang='lat' dir='ltr'><strong>optimam</strong></span> <span class='ocrx_word' id='word_1_36' title='bbox 1643 1148 1727 1238; x_wconf 83' lang='lat' dir='ltr'>else</span> <span class='ocrx_word' id='word_1_37' title='bbox 1744 1151 1971 1269; x_wconf 72' lang='lat' dir='ltr'>dicendam,</span> 
     </span>
    </p>

    <p class='ocr_par' dir='ltr' id='par_1_3' title="bbox 691 1276 1973 1524">
     <span class='ocr_line' id='line_1_6' title="bbox 702 1276 1484 1406; baseline -0.02 -30"><span class='ocrx_word' id='word_1_38' title='bbox 702 1311 792 1406; x_wconf 80' lang='lat' dir='ltr'>quae</span> <span class='ocrx_word' id='word_1_39' title='bbox 810 1286 1001 1372; x_wconf 87' lang='lat' dir='ltr'>minimas</span> <span class='ocrx_word' id='word_1_40' title='bbox 1020 1284 1170 1393; x_wconf 84' lang='lat' dir='ltr'>patitur</span> <span class='ocrx_word' id='word_1_41' title='bbox 1191 1276 1484 1396; x_wconf 50' lang='lat' dir='ltr'>diffinitatis</span> 
     </span>
     <span class='ocr_line' id='line_1_7' title="bbox 691 1409 1973 1524; baseline 0.001 -21"><span class='ocrx_word' id='word_1_42' title='bbox 691 1417 698 1428; x_wconf 90' lang='lat'><em>&#39;</em></span> <span class='ocrx_word' id='word_1_43' title='bbox 823 1413 884 1509; x_wconf 91' lang='lat'>11.</span> <span class='ocrx_word' id='word_1_44' title='bbox 948 1409 1327 1524; x_wconf 69' lang='lat' dir='ltr'>Problemamquae</span> <span class='ocrx_word' id='word_1_45' title='bbox 1357 1411 1469 1495; x_wconf 87' lang='lat' dir='ltr'>circa</span> <span class='ocrx_word' id='word_1_46' title='bbox 1503 1425 1663 1500; x_wconf 87' lang='lat' dir='ltr'>motum</span> <span class='ocrx_word' id='word_1_47' title='bbox 1701 1411 1973 1516; x_wconf 72' lang='lat' dir='ltr'>muscidonm</span> 
     </span>
    </p>

    <p class='ocr_par' dir='ltr' id='par_1_4' title="bbox 604 1537 1968 1664">
     <span class='ocr_line' id='line_1_8' title="bbox 604 1537 1968 1664; baseline 0 -28"><span class='ocrx_word' id='word_1_48' title='bbox 604 1643 611 1656; x_wconf 56' lang='lat'><em>,</em></span> <span class='ocrx_word' id='word_1_49' title='bbox 703 1547 886 1664; x_wconf 86' lang='lat' dir='ltr'>proponi</span> <span class='ocrx_word' id='word_1_50' title='bbox 901 1543 1073 1662; x_wconf 83' lang='lat' dir='ltr'>polluat,</span> <span class='ocrx_word' id='word_1_51' title='bbox 1086 1543 1180 1630; x_wconf 84' lang='lat' dir='ltr'>talia</span> <span class='ocrx_word' id='word_1_52' title='bbox 1198 1539 1308 1628; x_wconf 86' lang='lat' dir='ltr'>sunt:</span> <span class='ocrx_word' id='word_1_53' title='bbox 1345 1563 1381 1627; x_wconf 87' lang='lat'>1.</span> <span class='ocrx_word' id='word_1_54' title='bbox 1405 1537 1618 1653; x_wconf 82' lang='lat' dir='ltr'>quomodo</span> <span class='ocrx_word' id='word_1_55' title='bbox 1636 1543 1803 1636; x_wconf 86' lang='lat' dir='ltr'>musculi</span> <span class='ocrx_word' id='word_1_56' title='bbox 1817 1549 1968 1638; x_wconf 85' lang='lat' dir='ltr'>notabi-</span> 
     </span>
    </p>

    <p class='ocr_par' dir='ltr' id='par_1_5' title="bbox 611 1660 1973 2052">
     <span class='ocr_line' id='line_1_9' title="bbox 611 1660 1968 1794; baseline 0 -28"><span class='ocrx_word' id='word_1_57' title='bbox 611 1719 615 1727; x_wconf 89' lang='lat'><em>·</em></span> <span class='ocrx_word' id='word_1_58' title='bbox 704 1682 796 1770; x_wconf 84' lang='lat' dir='ltr'>liter</span> <span class='ocrx_word' id='word_1_59' title='bbox 816 1675 1026 1763; x_wconf 80' lang='lat' dir='ltr'>breviores</span> <span class='ocrx_word' id='word_1_60' title='bbox 1045 1660 1333 1785; x_wconf 78' lang='lat' dir='ltr'>fieripossmti</span> <span class='ocrx_word' id='word_1_61' title='bbox 1365 1693 1407 1760; x_wconf 68' lang='grc' dir='ltr'>α.</span> <span class='ocrx_word' id='word_1_62' title='bbox 1429 1671 1641 1784; x_wconf 90' lang='lat' dir='ltr'>quomodo</span> <span class='ocrx_word' id='word_1_63' title='bbox 1665 1676 1836 1764; x_wconf 89' lang='lat' dir='ltr'>minima</span> <span class='ocrx_word' id='word_1_64' title='bbox 1857 1679 1968 1794; x_wconf 73' lang='lat' dir='ltr'>spiri-</span> 
     </span>
     <span class='ocr_line' id='line_1_10' title="bbox 705 1799 1972 1924; baseline 0.002 -28"><span class='ocrx_word' id='word_1_65' title='bbox 705 1825 822 1896; x_wconf 84' lang='lat' dir='ltr'>tuum</span> <span class='ocrx_word' id='word_1_66' title='bbox 864 1805 1060 1924; x_wconf 69' lang='lat' dir='ltr'>quantitas</span> <span class='ocrx_word' id='word_1_67' title='bbox 1098 1809 1141 1894; x_wconf 80' lang='lat' dir='ltr'>dt</span> <span class='ocrx_word' id='word_1_68' title='bbox 1174 1804 1256 1891; x_wconf 86' lang='lat' dir='ltr'>sme</span> <span class='ocrx_word' id='word_1_69' title='bbox 1292 1801 1378 1888; x_wconf 91' lang='lat' dir='ltr'>ullo</span> <span class='ocrx_word' id='word_1_70' title='bbox 1419 1800 1506 1890; x_wconf 85' lang='lat' dir='ltr'>sete</span> <span class='ocrx_word' id='word_1_71' title='bbox 1544 1799 1599 1886; x_wconf 90' lang='lat' dir='ltr'>sui</span> <span class='ocrx_word' id='word_1_72' title='bbox 1641 1803 1846 1918; x_wconf 86' lang='lat' dir='ltr'>dispendio</span> <span class='ocrx_word' id='word_1_73' title='bbox 1888 1810 1972 1898; x_wconf 85' lang='lat' dir='ltr'>lub-</span> 
     </span>
     <span class='ocr_line' id='line_1_11' title="bbox 701 1924 1973 2052; baseline -0.003 -24"><span class='ocrx_word' id='word_1_74' title='bbox 701 1940 890 2052; x_wconf 84' lang='lat' dir='ltr'>sequeate</span> <span class='ocrx_word' id='word_1_75' title='bbox 918 1932 1119 2023; x_wconf 81' lang='lat' dir='ltr'>musculos</span> <span class='ocrx_word' id='word_1_76' title='bbox 1153 1936 1207 2020; x_wconf 84' lang='lat' dir='ltr'>ita</span> <span class='ocrx_word' id='word_1_77' title='bbox 1238 1931 1449 2020; x_wconf 78' lang='lat' dir='ltr'>decurtare</span> <span class='ocrx_word' id='word_1_78' title='bbox 1478 1924 1637 2018; x_wconf 71' lang='lat' dir='ltr'>valeat?</span> <span class='ocrx_word' id='word_1_79' title='bbox 1672 1953 1715 2048; x_wconf 78' lang='lat'>3,</span> <span class='ocrx_word' id='word_1_80' title='bbox 1749 1962 1832 2048; x_wconf 86' lang='lat' dir='ltr'>quo</span> <span class='ocrx_word' id='word_1_81' title='bbox 1853 1943 1973 2052; x_wconf 77' lang='lat' dir='ltr'>palio</span> 
     </span>
    </p>

    <p class='ocr_par' dir='ltr' id='par_1_6' title="bbox 593 2049 1973 2182">
     <span class='ocr_line' id='line_1_12' title="bbox 593 2049 1973 2182; baseline 0.004 -29"><span class='ocrx_word' id='word_1_82' title='bbox 593 2127 612 2160; x_wconf 85' lang='lat'><strong>.</strong></span> <span class='ocrx_word' id='word_1_83' title='bbox 707 2069 870 2164; x_wconf 74' lang='lat' dir='ltr'>muscidi</span> <span class='ocrx_word' id='word_1_84' title='bbox 891 2063 1126 2182; x_wconf 66' lang='lat' dir='ltr'>bieviffimo</span> <span class='ocrx_word' id='word_1_85' title='bbox 1139 2049 1637 2180; x_wconf 72' lang='lat' dir='ltr'>tempore&#39;dtcontrahidt¹</span> <span class='ocrx_word' id='word_1_86' title='bbox 1653 2065 1808 2156; x_wconf 82' lang='lat' dir='ltr'>restitui</span> <span class='ocrx_word' id='word_1_87' title='bbox 1817 2059 1973 2178; x_wconf 65' lang='lat' dir='ltr'>micanti</span> 
     </span>
    </p>

    <p class='ocr_par' dir='ltr' id='par_1_7' title="bbox 661 2183 2110 2830">
     <span class='ocr_line' id='line_1_13' title="bbox 661 2183 1978 2309; baseline 0 -19"><span class='ocrx_word' id='word_1_88' title='bbox 661 2293 665 2300; x_wconf 71' lang='grc'>,</span> <span class='ocrx_word' id='word_1_89' title='bbox 696 2197 937 2290; x_wconf 84' lang='lat' dir='ltr'>‘Theoriam</span> <span class='ocrx_word' id='word_1_90' title='bbox 956 2195 1118 2287; x_wconf 80' lang='lat' dir='ltr'>admitti</span> <span class='ocrx_word' id='word_1_91' title='bbox 1135 2189 1251 2309; x_wconf 81' lang='lat' dir='ltr'>polle</span> <span class='ocrx_word' id='word_1_92' title='bbox 1269 2191 1416 2280; x_wconf 84' lang='lat' dir='ltr'>nullam</span> <span class='ocrx_word' id='word_1_93' title='bbox 1433 2253 1446 2300; x_wconf 92' lang='lat'>,</span> <span class='ocrx_word' id='word_1_94' title='bbox 1468 2193 1564 2304; x_wconf 90' lang='lat' dir='ltr'>quin</span> <span class='ocrx_word' id='word_1_95' title='bbox 1580 2191 1682 2282; x_wconf 87' lang='lat' dir='ltr'>bisce</span> <span class='ocrx_word' id='word_1_96' title='bbox 1697 2183 1978 2308; x_wconf 71' lang='lat' dir='ltr'>maefflombus</span> 
     </span>
     <span class='ocr_line' id='line_1_14' title="bbox 701 2317 1972 2450; baseline 0 -34"><span class='ocrx_word' id='word_1_97' title='bbox 701 2329 830 2446; x_wconf 89' lang='lat' dir='ltr'>plane</span> <span class='ocrx_word' id='word_1_98' title='bbox 869 2323 1079 2432; x_wconf 84' lang='lat' dir='ltr'>satisfiat,</span> <span class='ocrx_word' id='word_1_99' title='bbox 1115 2323 1274 2438; x_wconf 87' lang='lat' dir='ltr'>quilibet</span> <span class='ocrx_word' id='word_1_100' title='bbox 1300 2325 1445 2411; x_wconf 76' lang='lat' dir='ltr'>videt:</span> <span class='ocrx_word' id='word_1_101' title='bbox 1485 2317 1584 2410; x_wconf 86' lang='lat' dir='ltr'>Sunt</span> <span class='ocrx_word' id='word_1_102' title='bbox 1601 2325 1694 2410; x_wconf 89' lang='lat' dir='ltr'>dein</span> <span class='ocrx_word' id='word_1_103' title='bbox 1711 2328 1787 2450; x_wconf 88' lang='lat' dir='ltr'>alia</span> <span class='ocrx_word' id='word_1_104' title='bbox 1800 2328 1972 2441; x_wconf 71' lang='lat' dir='ltr'>phano-</span> 
     </span>
     <span class='ocr_line' id='line_1_15' title="bbox 709 2455 1976 2570; baseline -0.001 -20"><span class='ocrx_word' id='word_1_105' title='bbox 709 2485 832 2550; x_wconf 87' lang='lat' dir='ltr'>mena</span> <span class='ocrx_word' id='word_1_106' title='bbox 850 2459 1001 2544; x_wconf 84' lang='lat' dir='ltr'>nonita</span> <span class='ocrx_word' id='word_1_107' title='bbox 1021 2457 1151 2543; x_wconf 73' lang='lat' dir='ltr'>stride</span> <span class='ocrx_word' id='word_1_108' title='bbox 1167 2455 1217 2540; x_wconf 89' lang='lat' dir='ltr'>ad</span> <span class='ocrx_word' id='word_1_109' title='bbox 1233 2455 1490 2568; x_wconf 79' lang='lat' dir='ltr'>propofimm</span> <span class='ocrx_word' id='word_1_110' title='bbox 1509 2458 1769 2567; x_wconf 80' lang='lat' dir='ltr'>pertinentia,</span> <span class='ocrx_word' id='word_1_111' title='bbox 1795 2482 1976 2570; x_wconf 84' lang='lat' dir='ltr'>quorum</span> 
     </span>
     <span class='ocr_line' id='line_1_16' title="bbox 710 2572 2110 2702; baseline -0.001 -22"><span class='ocrx_word' id='word_1_112' title='bbox 710 2611 853 2680; x_wconf 85' lang='lat' dir='ltr'>tamen</span> <span class='ocrx_word' id='word_1_113' title='bbox 882 2589 1049 2702; x_wconf 83' lang='lat' dir='ltr'>&#39;genuina</span> <span class='ocrx_word' id='word_1_114' title='bbox 1075 2587 1296 2700; x_wconf 80' lang='lat' dir='ltr'>explicatio</span> <span class='ocrx_word' id='word_1_115' title='bbox 1320 2572 1410 2672; x_wconf 66' lang='lat' dir='ltr'><strong>non&#39;</strong></span> <span class='ocrx_word' id='word_1_116' title='bbox 1443 2611 1602 2697; x_wconf 69' lang='lat' dir='ltr'>parum,</span> <span class='ocrx_word' id='word_1_117' title='bbox 1621 2587 1781 2676; x_wconf 80' lang='lat' dir='ltr'>roboris</span> <span class='ocrx_word' id='word_1_118' title='bbox 1804 2589 1975 2680; x_wconf 69' lang='lat' dir='ltr'>meotiae</span> <span class='ocrx_word' id='word_1_119' title='bbox 2109 2593 2110 2602; x_wconf 69' lang='lat'><em>&#39;</em></span> 
     </span>
     <span class='ocr_line' id='line_1_17' title="bbox 712 2709 1974 2830; baseline 0.002 -22"><span class='ocrx_word' id='word_1_120' title='bbox 712 2718 931 2808; x_wconf 82' lang='lat' dir='ltr'>conciliate</span> <span class='ocrx_word' id='word_1_121' title='bbox 949 2715 1080 2830; x_wconf 88' lang='lat' dir='ltr'>potest</span> <span class='ocrx_word' id='word_1_122' title='bbox 1108 2751 1119 2806; x_wconf 76' lang='grc' dir='ltr'><strong>ι</strong></span> <span class='ocrx_word' id='word_1_123' title='bbox 1159 2709 1334 2804; x_wconf 85' lang='lat' dir='ltr'>Nullam</span> <span class='ocrx_word' id='word_1_124' title='bbox 1360 2715 1527 2828; x_wconf 85' lang='lat' dir='ltr'>denique</span> <span class='ocrx_word' id='word_1_125' title='bbox 1547 2737 1684 2805; x_wconf 82' lang='lat' dir='ltr'>motus</span> <span class='ocrx_word' id='word_1_126' title='bbox 1697 2716 1974 2821; x_wconf 78' lang='lat' dir='ltr'>mmlculorum</span> 
     </span>
    </p>

    <p class='ocr_par' dir='ltr' id='par_1_8' title="bbox 515 2843 2109 3743">
     <span class='ocr_line' id='line_1_18' title="bbox 515 2843 1976 2974; baseline -0.003 -31"><span class='ocrx_word' id='word_1_127' title='bbox 515 2881 518 2890; x_wconf 89' lang='lat'>·</span> <span class='ocrx_word' id='word_1_128' title='bbox 709 2844 1791 2974; x_wconf 73' lang='lat' dir='ltr'>rationemexcogltabmaus‚quininmultaproblemata</span> <span class='ocrx_word' id='word_1_129' title='bbox 1800 2843 1976 2939; x_wconf 84' lang='lat' dir='ltr'>Geome-</span> 
     </span>
     <span class='ocr_line' id='line_1_19' title="bbox 679 2977 1978 3102; baseline 0.002 -32"><span class='ocrx_word' id='word_1_130' title='bbox 679 3091 683 3097; x_wconf 14' lang='grc' dir='ltr'>ι</span> <span class='ocrx_word' id='word_1_131' title='bbox 710 2986 813 3070; x_wconf 86' lang='lat' dir='ltr'>trica</span> <span class='ocrx_word' id='word_1_132' title='bbox 830 2981 1106 3093; x_wconf 83' lang='lat' dir='ltr'>pertrahamur</span> <span class='ocrx_word' id='word_1_133' title='bbox 1131 3043 1144 3086; x_wconf 85' lang='lat'>‚</span> <span class='ocrx_word' id='word_1_134' title='bbox 1181 2978 1341 3066; x_wconf 78' lang='lat' dir='ltr'>fiveras</span> <span class='ocrx_word' id='word_1_135' title='bbox 1357 2977 1597 3102; x_wconf 76' lang='lat' dir='ltr'>mensuras,</span> <span class='ocrx_word' id='word_1_136' title='bbox 1622 2981 1703 3070; x_wconf 86' lang='lat' dir='ltr'>fine</span> <span class='ocrx_word' id='word_1_137' title='bbox 1722 2983 1861 3094; x_wconf 79' lang='lat' dir='ltr'>quibas</span> <span class='ocrx_word' id='word_1_138' title='bbox 1877 2985 1978 3072; x_wconf 87' lang='lat' dir='ltr'>nihil</span> 
     </span>
     <span class='ocr_line' id='line_1_20' title="bbox 712 3107 1978 3226; baseline 0.002 -26"><span class='ocrx_word' id='word_1_139' title='bbox 712 3137 886 3226; x_wconf 89' lang='lat' dir='ltr'>unquam</span> <span class='ocrx_word' id='word_1_140' title='bbox 904 3115 1001 3200; x_wconf 86' lang='lat' dir='ltr'>certi</span> <span class='ocrx_word' id='word_1_141' title='bbox 1013 3109 1125 3194; x_wconf 86' lang='lat' dir='ltr'>statui</span> <span class='ocrx_word' id='word_1_142' title='bbox 1141 3107 1306 3220; x_wconf 86' lang='lat' dir='ltr'>potest,</span> <span class='ocrx_word' id='word_1_143' title='bbox 1341 3108 1637 3199; x_wconf 85' lang='lat' dir='ltr'>defideremus·:</span> <span class='ocrx_word' id='word_1_144' title='bbox 1665 3111 1878 3201; x_wconf 79' lang='lat' dir='ltr'>Eiumodt</span> <span class='ocrx_word' id='word_1_145' title='bbox 1897 3113 1978 3204; x_wconf 87' lang='lat' dir='ltr'>sunt</span> 
     </span>
     <span class='ocr_line' id='line_1_21' title="bbox 518 3234 1650 3364; baseline -0.003 -33"><span class='ocrx_word' id='word_1_146' title='bbox 518 3339 523 3352; x_wconf 55' lang='grc'><strong>,</strong></span> <span class='ocrx_word' id='word_1_147' title='bbox 710 3243 814 3350; x_wconf 87' lang='lat' dir='ltr'>illa,</span> <span class='ocrx_word' id='word_1_148' title='bbox 842 3265 929 3352; x_wconf 79' lang='lat' dir='ltr'>quae</span> <span class='ocrx_word' id='word_1_149' title='bbox 946 3234 1191 3332; x_wconf 77' lang='lat' dir='ltr'>imSediione</span> <span class='ocrx_word' id='word_1_150' title='bbox 1207 3237 1380 3324; x_wconf 83' lang='lat' dir='ltr'>secunda</span> <span class='ocrx_word' id='word_1_151' title='bbox 1399 3239 1566 3328; x_wconf 83' lang='lat' dir='ltr'>tradam.</span> <span class='ocrx_word' id='word_1_152' title='bbox 1644 3351 1650 3364; x_wconf 15' lang='grc' dir='ltr'><strong><em>ἡ</em></strong></span> 
     </span>
     <span class='ocr_line' id='line_1_22' title="bbox 757 3369 1972 3485; baseline 0.002 -25"><span class='ocrx_word' id='word_1_153' title='bbox 757 3377 766 3419; x_wconf 87' lang='lat'><strong><em>¹</em></strong></span> <span class='ocrx_word' id='word_1_154' title='bbox 831 3369 908 3460; x_wconf 90' lang='lat'><em>111.</em></span> <span class='ocrx_word' id='word_1_155' title='bbox 944 3369 1216 3481; x_wconf 82' lang='lat' dir='ltr'>&#39;Incipiama</span> <span class='ocrx_word' id='word_1_156' title='bbox 1246 3369 1429 3461; x_wconf 71' lang='lat' dir='ltr'>strilsttlra</span> <span class='ocrx_word' id='word_1_157' title='bbox 1455 3369 1622 3459; x_wconf 85' lang='lat' dir='ltr'>musculi</span> <span class='ocrx_word' id='word_1_158' title='bbox 1640 3391 1832 3485; x_wconf 81' lang='lat' dir='ltr'>quantum</span> <span class='ocrx_word' id='word_1_159' title='bbox 1850 3373 1895 3460; x_wconf 93' lang='lat' dir='ltr'>ld</span> <span class='ocrx_word' id='word_1_160' title='bbox 1914 3374 1972 3463; x_wconf 85' lang='lat' dir='ltr'>in·</span> 
     </span>
     <span class='ocr_line' id='line_1_23' title="bbox 714 3499 2109 3614; baseline 0.001 -22"><span class='ocrx_word' id='word_1_161' title='bbox 714 3503 843 3592; x_wconf 80' lang='lat' dir='ltr'>ssimti</span> <span class='ocrx_word' id='word_1_162' title='bbox 860 3499 988 3590; x_wconf 81' lang='lat' dir='ltr'>nostri</span> <span class='ocrx_word' id='word_1_163' title='bbox 1005 3499 1114 3586; x_wconf 89' lang='lat' dir='ltr'>ratio</span> <span class='ocrx_word' id='word_1_164' title='bbox 1131 3499 1326 3613; x_wconf 63' lang='lat' dir='ltr'>postulat,</span> <span class='ocrx_word' id='word_1_165' title='bbox 1359 3504 1510 3590; x_wconf 83' lang='lat' dir='ltr'>constat</span> <span class='ocrx_word' id='word_1_166' title='bbox 1527 3527 1581 3588; x_wconf 84' lang='lat' dir='ltr'>ex</span> <span class='ocrx_word' id='word_1_167' title='bbox 1609 3507 1870 3614; x_wconf 78' lang='lat' dir='ltr'>anatomicis,</span> <span class='ocrx_word' id='word_1_168' title='bbox 1888 3507 1971 3594; x_wconf 87' lang='lat' dir='ltr'>nul·</span> <span class='ocrx_word' id='word_1_169' title='bbox 2108 3574 2109 3584; x_wconf 30' lang='lat' dir='ltr'>i</span> 
     </span>
     <span class='ocr_line' id='line_1_24' title="bbox 715 3628 1974 3743; baseline 0 -21"><span class='ocrx_word' id='word_1_170' title='bbox 715 3628 890 3722; x_wconf 81' lang='lat' dir='ltr'>lumeffe</span> <span class='ocrx_word' id='word_1_171' title='bbox 905 3629 1155 3738; x_wconf 64' lang='lat' dir='ltr'>musculum3</span> <span class='ocrx_word' id='word_1_172' title='bbox 1181 3631 1233 3730; x_wconf 81' lang='lat' dir='ltr'>ad</span> <span class='ocrx_word' id='word_1_173' title='bbox 1252 3657 1376 3743; x_wconf 87' lang='lat' dir='ltr'>quem</span> <span class='ocrx_word' id='word_1_174' title='bbox 1394 3659 1480 3720; x_wconf 87' lang='lat' dir='ltr'>non</span> <span class='ocrx_word' id='word_1_175' title='bbox 1496 3631 1636 3720; x_wconf 87' lang='lat' dir='ltr'>tendat</span> <span class='ocrx_word' id='word_1_176' title='bbox 1656 3661 1791 3725; x_wconf 75' lang='lat' dir='ltr'>tainus</span> <span class='ocrx_word' id='word_1_177' title='bbox 1808 3639 1974 3742; x_wconf 69' lang='lat' dir='ltr'>atterit,</span> 
     </span>
    </p>

    <p class='ocr_par' dir='ltr' id='par_1_9' title="bbox 454 3757 2109 4530">
     <span class='ocr_line' id='line_1_25' title="bbox 454 3761 1979 3880; baseline 0.002 -30"><span class='ocrx_word' id='word_1_178' title='bbox 454 3817 458 3824; x_wconf 90' lang='lat'><strong>·</strong></span> <span class='ocrx_word' id='word_1_179' title='bbox 616 3852 621 3861; x_wconf 65' lang='grc'><strong>,</strong></span> <span class='ocrx_word' id='word_1_180' title='bbox 717 3763 876 3850; x_wconf 79' lang='lat' dir='ltr'>aculus</span> <span class='ocrx_word' id='word_1_181' title='bbox 889 3763 1065 3875; x_wconf 85' lang='lat' dir='ltr'>ligatura</span> <span class='ocrx_word' id='word_1_182' title='bbox 1081 3762 1209 3876; x_wconf 84' lang='lat' dir='ltr'>(quod</span> <span class='ocrx_word' id='word_1_183' title='bbox 1230 3761 1298 3848; x_wconf 92' lang='lat' dir='ltr'>hic</span> <span class='ocrx_word' id='word_1_184' title='bbox 1314 3763 1355 3846; x_wconf 90' lang='lat' dir='ltr'>in</span> <span class='ocrx_word' id='word_1_185' title='bbox 1372 3763 1532 3852; x_wconf 79' lang='lat' dir='ltr'>transitu</span> <span class='ocrx_word' id='word_1_186' title='bbox 1550 3761 1733 3880; x_wconf 75' lang='lat' dir='ltr'>dixeiim)</span> <span class='ocrx_word' id='word_1_187' title='bbox 1748 3791 1831 3852; x_wconf 89' lang='lat' dir='ltr'>non</span> <span class='ocrx_word' id='word_1_188' title='bbox 1849 3767 1979 3854; x_wconf 83' lang='lat' dir='ltr'>minus</span> 
     </span>
     <span class='ocr_line' id='line_1_26' title="bbox 719 3887 2109 4016; baseline 0.004 -38"><span class='ocrx_word' id='word_1_189' title='bbox 719 3916 844 4007; x_wconf 86' lang='lat' dir='ltr'>quam</span> <span class='ocrx_word' id='word_1_190' title='bbox 870 3891 922 3979; x_wconf 86' lang='lat' dir='ltr'>ab</span> <span class='ocrx_word' id='word_1_191' title='bbox 956 3893 1122 4006; x_wconf 75' lang='lat' dir='ltr'>ligatura</span> <span class='ocrx_word' id='word_1_192' title='bbox 1147 3887 1265 3978; x_wconf 86' lang='lat' dir='ltr'>nervi</span> <span class='ocrx_word' id='word_1_193' title='bbox 1292 3893 1486 3980; x_wconf 82' lang='lat' dir='ltr'>musculus</span> <span class='ocrx_word' id='word_1_194' title='bbox 1505 3916 1661 3982; x_wconf 86' lang='lat' dir='ltr'>motum</span> <span class='ocrx_word' id='word_1_195' title='bbox 1691 3897 1800 3984; x_wconf 83' lang='lat' dir='ltr'>sumn</span> <span class='ocrx_word' id='word_1_196' title='bbox 1828 3900 1975 4016; x_wconf 82' lang='lat' dir='ltr'>perdit,</span> <span class='ocrx_word' id='word_1_197' title='bbox 2108 3897 2109 3960; x_wconf 74' lang='lat' dir='ltr'>l</span> 
     </span>
     <span class='ocr_line' id='line_1_27' title="bbox 718 4021 1979 4142; baseline 0.008 -36"><span class='ocrx_word' id='word_1_198' title='bbox 718 4026 900 4138; x_wconf 82' lang='lat' dir='ltr'>quamvis</span> <span class='ocrx_word' id='word_1_199' title='bbox 918 4047 1005 4109; x_wconf 80' lang='lat' dir='ltr'>nen</span> <span class='ocrx_word' id='word_1_200' title='bbox 1024 4025 1078 4110; x_wconf 83' lang='lat' dir='ltr'>ita</span> <span class='ocrx_word' id='word_1_201' title='bbox 1098 4043 1276 4142; x_wconf 86' lang='lat' dir='ltr'>promte.</span> <span class='ocrx_word' id='word_1_202' title='bbox 1338 4021 1431 4136; x_wconf 89' lang='lat' dir='ltr'>lpse</span> <span class='ocrx_word' id='word_1_203' title='bbox 1454 4048 1558 4112; x_wconf 77' lang='lat' dir='ltr'>vero</span> <span class='ocrx_word' id='word_1_204' title='bbox 1588 4027 1784 4114; x_wconf 85' lang='lat' dir='ltr'>musculus</span> <span class='ocrx_word' id='word_1_205' title='bbox 1800 4033 1979 4118; x_wconf 79' lang='lat' dir='ltr'>maxima</span> 
     </span>
     <span class='ocr_line' id='line_1_28' title="bbox 719 4153 1980 4268; baseline 0.005 -26"><span class='ocrx_word' id='word_1_206' title='bbox 719 4173 838 4268; x_wconf 88' lang='lat' dir='ltr'>parte</span> <span class='ocrx_word' id='word_1_207' title='bbox 856 4155 1006 4241; x_wconf 85' lang='lat' dir='ltr'>constat</span> <span class='ocrx_word' id='word_1_208' title='bbox 1022 4180 1076 4241; x_wconf 86' lang='lat' dir='ltr'>ex</span> <span class='ocrx_word' id='word_1_209' title='bbox 1094 4153 1206 4242; x_wconf 85' lang='lat' dir='ltr'>fibn&#39;s</span> <span class='ocrx_word' id='word_1_210' title='bbox 1217 4153 1591 4266; x_wconf 84' lang='lat' dir='ltr'>longitudinalibus,</span> <span class='ocrx_word' id='word_1_211' title='bbox 1613 4175 1697 4246; x_wconf 82' lang='lat' dir='ltr'>tum</span> <span class='ocrx_word' id='word_1_212' title='bbox 1716 4161 1980 4248; x_wconf 73' lang='lat' dir='ltr'>etiamexmi</span> 
     </span>
     <span class='ocr_line' id='line_1_29' title="bbox 718 4281 1983 4408; baseline 0.008 -38"><span class='ocrx_word' id='word_1_213' title='bbox 718 4285 843 4370; x_wconf 86' lang='lat' dir='ltr'>nimis</span> <span class='ocrx_word' id='word_1_214' title='bbox 858 4284 1016 4372; x_wconf 81' lang='lat' dir='ltr'>fibrillls</span> <span class='ocrx_word' id='word_1_215' title='bbox 1033 4281 1377 4394; x_wconf 84' lang='lat' dir='ltr'>transversalibus:</span> <span class='ocrx_word' id='word_1_216' title='bbox 1404 4286 1455 4372; x_wconf 90' lang='lat' dir='ltr'>de</span> <span class='ocrx_word' id='word_1_217' title='bbox 1472 4309 1642 4398; x_wconf 86' lang='lat' dir='ltr'>utroque</span> <span class='ocrx_word' id='word_1_218' title='bbox 1653 4315 1796 4408; x_wconf 67' lang='lat' dir='ltr'>genere</span> <span class='ocrx_word' id='word_1_219' title='bbox 1810 4312 1983 4381; x_wconf 82' lang='lat' dir='ltr'>monen-</span> 
     </span>
     <span class='ocr_line' id='line_1_30' title="bbox 718 4411 1604 4530; baseline 0 -27"><span class='ocrx_word' id='word_1_220' title='bbox 718 4415 773 4503; x_wconf 87' lang='lat' dir='ltr'>da</span> <span class='ocrx_word' id='word_1_221' title='bbox 791 4411 1027 4500; x_wconf 83' lang='lat' dir='ltr'>&amp;notanda</span> <span class='ocrx_word' id='word_1_222' title='bbox 1043 4414 1224 4524; x_wconf 84' lang='lat' dir='ltr'>quaedam</span> <span class='ocrx_word' id='word_1_223' title='bbox 1244 4413 1377 4500; x_wconf 86' lang='lat' dir='ltr'>habeo</span> <span class='ocrx_word' id='word_1_224' title='bbox 1392 4416 1604 4530; x_wconf 87' lang='lat' dir='ltr'>speciatim.</span> 
     </span>
    </p>

    <p class='ocr_par' dir='ltr' id='par_1_10' title="bbox 789 4537 1984 4666">
     <span class='ocr_line' id='line_1_31' title="bbox 789 4537 1984 4666; baseline 0.008 -35"><span class='ocrx_word' id='word_1_225' title='bbox 789 4637 793 4648; x_wconf 66' lang='grc'>,</span> <span class='ocrx_word' id='word_1_226' title='bbox 838 4541 923 4642; x_wconf 82' lang='grc' dir='ltr'>Ν.</span> <span class='ocrx_word' id='word_1_227' title='bbox 988 4537 1121 4638; x_wconf 68' lang='lat' dir='ltr'>Fibra</span> <span class='ocrx_word' id='word_1_228' title='bbox 1134 4543 1410 4662; x_wconf 77' lang='lat' dir='ltr'>lmigitudinales</span> <span class='ocrx_word' id='word_1_229' title='bbox 1435 4549 1558 4642; x_wconf 77' lang='lat' dir='ltr'>dividi</span> <span class='ocrx_word' id='word_1_230' title='bbox 1572 4545 1684 4639; x_wconf 84' lang='lat' dir='ltr'>sacle</span> <span class='ocrx_word' id='word_1_231' title='bbox 1700 4545 1866 4666; x_wconf 75' lang='lat' dir='ltr'>poliunt</span> <span class='ocrx_word' id='word_1_232' title='bbox 1884 4553 1924 4642; x_wconf 88' lang='lat' dir='ltr'>in</span> <span class='ocrx_word' id='word_1_233' title='bbox 1944 4581 1984 4640; x_wconf 79' lang='lat' dir='ltr'>a·</span> 
     </span>
    </p>
   </div>
   <div class='ocr_carea' id='block_1_3' title="bbox 0 0 2164 5952">
    <p class='ocr_par' dir='ltr' id='par_1_11' title="bbox 0 0 2164 5952">
     <span class='ocr_line' id='line_1_32' title="bbox 0 0 2164 5952; baseline 0 0"><span class='ocrx_word' id='word_1_234' title='bbox 0 0 2164 5952; x_wconf 95' lang='lat' dir='ltr'> </span> 
     </span>
    </p>
   </div>
  </div>
 </body>
</html>
