4376 5952
417 422 422 434 ⁶
481 491 1233 654 urnrnuconronnlr.
1462 551 1489 646 ³
1565 615 1570 625 ,

138 726 160 746 ”
235 739 391 854 vitatis,
411 743 455 834 dt
470 737 746 859 hujusspeciei
766 751 830 835 vis
845 769 1016 840 mortuae
1038 751 1124 838 lunt
1146 751 1253 842 vim
1274 743 1516 872 ‘'Wlffl-

235 893 458 992 corporum
481 879 695 990 ingyrum
720 881 919 972 edorum.
1014 877 1343 1000 Quotiescunque
1381 891 1492 976 enim

173 1063 179 1068 -
232 1032 388 1121 corpus
405 1007 567 1120 aliquod
590 1008 807 1116 uniformi,
825 1028 894 1096 ant
919 1012 1042 1096 etiam
1056 1019 1307 1125 'quocunque
1332 1025 1489 1104 variato
1647 1010 1652 1014 ²

231 1159 347 1228 motu
366 1137 644 1252 peripheriam
663 1137 803 1224 circuli
820 1141 976 1226 aliusue
999 1165 1132 1228 curuae
1146 1143 1375 1258 describit,
1407 1147 1483 1234 lin-
1519 1127 1525 1138 ⁸
1642 1153 1645 1162 ’

233 1269 340 1382 gulis
356 1289 492 1354 motus
508 1260 626 1379 hujus
644 1273 866 1356 momentis
875 1268 1083 1356 conabitur
1099 1293 1264 1358 motum
1273 1273 1490 1388 suumpro·

231 1396 336 1511 sequi
351 1400 392 1483 in
410 1399 635 1486 diredtione
650 1401 847 1510 tangentis
860 1401 1002 1486 circuli
1015 1400 1082 1486 uel
1100 1426 1235 1522 cmvae
1258 1404 1298 1486 in
1319 1431 1483 1517 eopun-

231 1529 301 1617 do
313 1532 360 1618 ,in
379 1556 460 1640 quo
478 1531 563 1614 est:
596 1522 768 1641 Singulis
783 1555 885 1642 ergo
902 1531 1123 1618 momentis
1146 1533 1305 1618 mobile
1321 1531 1490 1622 conatur

230 1655 255 1745 i
273 1655 505 1770 peripheria
520 1657 686 1764 circuli,
714 1661 782 1746 vel
802 1661 967 1746 acursa
991 1661 1186 1746 recedere
1206 1665 1244 1748 in
1271 1663 1491 1750 directione

229 1791 572 1900 perpendicularis
607 1789 658 1874 ad
690 1807 925 1900 tangentem
961 1813 1037 1896 per
1072 1799 1252 1870 centrum
1287 1791 1494 1897 gravitatis

201 1931 204 1938 ’
228 1923 425 2030 corporis
441 1917 701 2021 transeuntis,
722 1917 797 2004 sed.
806 1919 963 2028 quoties
977 1914 1133 2000 mobile
1150 1913 1291 2024 reapse
1308 1929 1391 2002 non
1405 1942 1485 2027 po.
1513 2011 1519 2022 ¹

226 2048 309 2134 test
326 2049 518 2134 recedere
547 2048 570 2131 l
600 2046 829 2154 peripheria
859 2045 1000 2128 circuli
1036 2045 1103 2129 uel
1125 2065 1247 2128 curva
1267 2049 1308 2132 ἃ
1336 2065 1491 2132 tantum

228 2191 424 2270 conatum
459 2172 582 2256 babet
603 2171 857 2277 recedendi,
901 2171 967 2256 hic
994 2192 1157 2258 conatus
1190 2172 1246 2288 eli
1288 2176 1354 2259 ois
1389 2155 1489 2262 mor-

228 2311 322 2390 tua.
390 2296 569 2389 Co‘natus
587 2299 697 2380 enirn
712 2300 921 2405 centrifugi
934 2325 1025 2384 cum
1044 2302 1243 2413 gravitate
1260 2301 1503 2414 comparari

226 2424 411 2544 poliunt,
431 2427 591 2539 suntque
604 2425 707 2510 adeo
720 2428 828 2512 uires
844 2432 1076 2542 centrifugae
1093 2435 1135 2516 ἃ
1154 2434 1331 2543 grauitas
1358 2460 1482 2545 quan-

226 2555 362 2644 titates
377 2555 670 2670 homogeneae.
729 2556 819 2662 Jam
833 2558 938 2643 vires
952 2573 1110 2646 mortua
1124 2555 1397 2676 cujuscunque
1415 2565 1490 2650 fint

226 2684 376 2796 speciei
392 2687 476 2774 sunt
494 2685 623 2772 mallis
643 2711 875 2795 corporum
889 2690 1244 2804 proportionales,
1288 2692 1319 2777 ss
1344 2713 1488 2778 caetern

228 2813 305 2902 lint
323 2823 453 2927 paria:
475 2817 554 2903 hoc
569 2816 645 2920 est,
667 2815 697 2899 fi
725 2819 901 2927 grauitas
918 2818 958 2902 in
974 2838 1146 2928 utroque
1168 2819 1317 2905 mobili
1342 2821 1389 2906 srt
1414 2847 1480 2906 ea-

229 2944 350 3058 dem3
384 2967 451 3033 aut
464 2945 494 3030 st
508 2946 634 3032 ambo
651 2943 1025 3032 mobiliaincedaot
1044 2949 1184 3058 aequali
1218 2947 1422 3035 celeritate
1445 2949 1490 3036 in

227 3075 389 3160 circulis
414 3074 643 3189 equalibus.
716 3071 815 3164 Hoc
844 3075 1023 3188 probam
1045 3078 1282 3164 facillimum
1302 3077 1486 3165 :incum—
1644 3105 1648 3114 ’

158 3301 166 3313 ,
227 3202 328 3290 bant
339 3205 463 3314 plano
473 3207 636 3292 cnidum
652 3203 896 3292 horizontali
909 3210 952 3292 dt
969 3208 1174 3292 immobili
1199 3233 1383 3319 corpora
1405 3212 1491 3296 duo

225 3332 464 3442 inaequalia,
498 3334 628 3420 minus
645 3327 695 3418 A
715 3335 758 3417 dt
771 3325 899 3442 majus
914 3333 972 3436 B,
1012 3355 1221 3444 utrumque
1234 3340 1490 3445 tantamvim

230 3463 274 3550 in
287 3461 457 3586 plqnum
478 3460 667 3565 exseret,
701 3479 889 3570 quantum
913 3461 968 3544 est
994 3453 1079 3574 ejus
1102 3465 1283 3571 pondus,
1303 3466 1492 3576 quiahoc

192 3635 195 3642 =
229 3591 396 3704 planum
415 3589 616 3678 descensui
639 3587 863 3674 amborum
890 3610 1116 3698 corporum
1136 3590 1287 3679 dirodie
1314 3594 1486 3705 opposi-

230 3739 317 3810 tum
350 3722 393 3804 dc
428 3717 648 3806 immobile
672 3719 769 3829 ell;
802 3717 860 3804 est
888 3743 989 3804 vero
1015 3719 1176 3827 pondus
1198 3712 1417 3834 majorisB
1436 3722 1489 3809 ad
1637 3805 1638 3810 t

230 3850 390 3964 pondus
408 3849 578 3966 minoris
596 3838 672 3953 A,
704 3867 746 3932 ut
769 3843 894 3934 mall'a
907 3845 1027 3957 ipsrus
1049 3843 1153 3936 Bad
1174 3847 1341 3936 mulsam
1365 3851 1487 3963 ipfius

232 3973 314 4085 A,
349 3978 432 4064 hoc
461 3979 574 4067 enim
593 3975 734 4088 palbm
761 3995 971 4086 receptum
1004 3975 1086 4080 est,
1120 4002 1221 4090 ergo
1243 3977 1306 4063 vis
1328 4001 1489 4068 mortua

232 4113 422 4222 corporis
446 4105 495 4198 A
520 4109 577 4194 est
611 4107 762 4192 adsim
784 4122 993 4192 mortuam
1020 4106 1183 4192 alterius
1203 4104 1264 4209 B,
1299 4125 1340 4192 ut
1364 4107 1489 4194 malla
1774 4219 1777 4226 1

235 4232 282 4326 A
299 4238 350 4326 ad
377 4235 550 4352 malfam
578 4245 633 4348 Β..
695 4233 778 4324 Res
802 4257 905 4349 ergo
927 4235 981 4320 ita
1004 4231 1045 4320 se
1070 4234 1191 4322 habet
1219 4259 1312 4320 curn
1338 4238 1489 4324 uiribus
1639 4265 1642 4270 ’

234 4371 402 4456 morulis
423 4371 446 4455 l
466 4366 659 4476 grauitate
685 4361 946 4474 pendentibus
974 4417 989 4469 ‚
1032 4363 1220 4476 idemque
1250 4363 1301 4448 de
1320 4364 1370 4451 iis
1395 4393 1486 4478 qua

231 4496 430 4586 iviribus
457 4494 690 4606 centrifugis
722 4493 878 4598 fluunt,
912 4486 1030 4577 facile
1043 4489 1197 4578 ostendi
1213 4493 1372 4606 potest;
1390 4520 1488 4580 nam

210 4627 322 4744 quia
340 4621 482 4756 (byn)
507 4621 632 4718 ambo
661 4611 922 4840 eorporaAA
945 4616 1037 4714 &B
1056 4622 1199 4742 aequrli
1215 4621 1485 4840 §duritated'qn
1543 4623 1547 4639 ⁴

909 4769 939 4841 2
1464 4799 1486 4828 .
