4298 5952
614 413 808 565 ·ἠσ
968 429 978 444 ’
1246 408 1504 538 vasa

702 691 789 782 sunt
810 747 822 798 ,
854 687 1049 805 chysifera
1070 685 1160 776 satis
1180 685 1328 779 distare
1349 687 1683 780 observavimus:
1717 690 1827 786 Inter
1849 697 1974 788 ambo

702 827 811 922 enim
863 885 876 928 ‚
920 839 1020 914 tota
1043 818 1267 906 mesentetii
1311 821 1520 932 pinguedo
1558 820 1612 905 sic
1653 823 1857 916 interiecta
1874 831 1972 939 est,

704 971 749 1040 ut
775 953 824 1038 ad
868 951 1098 1036 contessum
1146 949 1359 1059 pervenire
1386 976 1470 1034 non
1490 948 1635 1061 possmt
1675 1006 1688 1052 ,
1739 959 1846 1065 quod
1871 961 1972 1042 mul.

704 1101 751 1166 to
796 1084 924 1194 magis
964 1082 1014 1165 de
1051 1077 1313 1191 superiore&
1339 1079 1529 1166 inferiore
1555 1078 1842 1168 chuliserorum
1864 1084 1975 1176 ,serie

706 1209 1006 1318 intelligendum
1022 1209 1104 1314 est,
1123 1213 1309 1320 quoniam
1327 1207 1455 1294 adhuc
1474 1212 1606 1320 magis
1623 1237 1646 1293 a
1665 1209 1894 1298 seinvicem
1912 1215 1969 1304 di.

707 1341 811 1428 stant
822 1393 835 1443 ,
848 1347 851 1352 ’
862 1341 1053 1452 siquidem
1068 1339 1296 1441 immediate
1313 1337 1382 1424 sub
1399 1337 1624 1426 mesenterii
1645 1336 1801 1426 lamella
1817 1345 1859 1426 in
1877 1346 1968 1454 pin.

609 1553 611 1560 ,
710 1469 898 1582 guedinis
919 1466 1133 1579 superficie
1154 1469 1286 1555 locata
1314 1467 1414 1562 sunt,
1501 1463 1702 1552 Attamen
1740 1477 1968 1558 communi-

711 1589 821 1684 catio
847 1583 980 1686 omnis
1012 1599 1111 1682 inter
1140 1597 1326 1706 chylisera
1357 1598 1502 1709 primae
1525 1601 1569 1694 ,δι
1595 1592 1772 1682 secunda
1801 1599 1967 1710 speciei,

711 1747 932 1838 eapropter
948 1751 1032 1811 non
1051 1725 1451 1839 denegandaest,nam
1467 1723 1583 1810 semel
1600 1730 1864 1839 propaginem
1876 1733 1968 1816 uidi

707 1883 809 1962 mus,
822 1882 847 1942 e
862 1854 960 1942 facie
986 1855 1212 1943 mesenterii
1227 1857 1429 1967 superiore
1452 1851 1586 1940 vesstra
1600 1855 1861 1963 irtferiorem‚
1880 1886 1968 1972 per.

709 1986 807 2097 septi
819 1983 1069 2073 substantiam
1086 1987 1401 2090 contendentem
1428 1988 1470 2071 δι
1499 1981 1694 2093 glandula:
1717 2008 1866 2098 corpus
1888 1988 1970 2075 sub.

712 2135 870 2201 euntem
892 2170 906 2218 ,
941 2142 1027 2226 qur:
1047 2118 1149 2201 adeo
1170 2145 1247 2228 pro
1261 2115 1632 2220 communicatione,
1658 2137 1741 2202 non
1755 2133 1893 2204 tamen
1901 2121 1968 2208 im·

711 2245 890 2332 mediata
905 2243 1047 2331 haberi
1063 2249 1210 2359 potest.

375 2395 379 2400 ’
480 2375 686 2498 Confluxus
831 2373 951 2459 Talis
992 2371 1280 2488 chyiiserorum
1327 2371 1490 2464 incessus
1535 2378 1592 2463 esl
1633 2395 1722 2462 toto
1767 2377 1840 2464 islo
1884 2377 1969 2491 spa·

480 2509 689 2628 abyssorum
715 2503 814 2610 tio,
851 2503 959 2614 quod
1011 2509 1065 2592 est
1106 2511 1206 2595 inter
1254 2509 1425 2594 intestina
1478 2509 1520 2590 δι
1560 2532 1714 2606 arcamv
1744 2507 1854 2624 illam
1885 2536 1971 2621 quae

332 2651 335 2662 '
481 2637 571 2734 Hs.
588 2667 653 2728 e.
716 2631 765 2718 ad
797 2633 964 2720 universi
1004 2636 1183 2724 dusbuum
1223 2636 1505 2747 clrysiferorum
1537 2631 1758 2743 systematis
1792 2630 1968 2751 congre.
2008 2665 2015 2678 ·

656 2773 665 2788 ’
715 2749 922 2874 g'ationem
939 2758 1126 2851 destinata
1141 2767 1208 2851 est.
1273 2761 1428 2870 Singuli
1444 2763 1549 2847 enim
1575 2764 1738 2874 trunci,
1767 2771 1967 2854 etotain-

711 2892 944 2979 teslinorum
969 2894 1280 2982 circumferentia
1300 2894 1375 2982 huc
1403 2893 1695 3000 convolantes,
1733 2895 1892 3006 quando
1915 2899 1972 2984 ad

557 3059 564 3082 ·
712 3047 851 3108 aream
884 3025 1001 3111 istam
1026 3025 1211 3136 plurimis
1245 3021 1441 3138 glandulis
1464 3022 1730 3111 consitam&
1748 3023 1972 3112 admodum

714 3169 1014 3240 concentratam
1032 3155 1291 3266 perveniunt,
1314 3153 1366 3238 ad
1379 3170 1545 3256 tantam,
1566 3171 1608 3240 ut
1625 3153 1678 3237 ita
1693 3156 1965 3265 loquar,con·

714 3278 911 3388 fusionem
936 3307 984 3368 ac
1005 3284 1326 3395 implicationem
1343 3281 1605 3388 rediguntur,
1637 3309 1724 3396 quae
1745 3307 1829 3369 non
1846 3285 1969 3372 solum

640 3485 645 3493 .
713 3411 948 3499 intuentium
966 3414 1269 3500 oculosmirum
1284 3415 1323 3498 in
1341 3411 1512 3497 modum
1531 3408 1690 3520 afficit,
1721 3410 1790 3498 sed
1815 3436 1970 3526 quoque

714 3539 948 3656 singularem
963 3542 1057 3628 inse
1083 3545 1293 3628 continere
1306 3540 1414 3630 usum
1433 3539 1648 3651 significat.

746 3721 753 3740 ·
830 3669 1139 3787 Quamobrem,
1163 3691 1206 3757 ut
1226 3667 1336 3756 usum
1362 3671 1577 3783 paullisper
1595 3673 1858 3781 attingamus,
1886 3691 1968 3760 non

591 3815 602 3839 ·
716 3799 817 3886 hunc
854 3800 1111 3888 solummodo
1129 3821 1361 3886 contextum
1379 3799 1655 3888 admirabilem
1681 3803 1867 3886 omnium
1892 3827 1965 3887 un·

720 3929 839 4042 dique
874 3929 924 4018 ad
954 3933 1119 4040 angulos
1140 3949 1276 4017 acutos
1303 3929 1592 4014 confluentium
1608 3917 1854 4016 vasculorum
1870 3954 1965 4038 per-

717 4062 891 4172 pendere
906 4079 1068 4169 oportet
1094 4126 1107 4167 ,
1138 4057 1203 4144 sed
1223 4058 1302 4144 hoc
1322 4059 1443 4144 etiam
1461 4058 1823 4148 considerationem
1844 4081 1974 4143 mere·

573 4285 582 4304 ,
716 4209 801 4295 tut,
824 4189 931 4306 quod
949 4189 1091 4275 eadem
1109 4186 1311 4297 dispositio
1334 4188 1371 4270 in
1387 4207 1550 4295 utraque
1567 4187 1786 4272 mesent'erii
1804 4180 1903 4270 sacie
1917 4209 1966 4270 o·

716 4317 813 4402 culis
830 4318 868 4402 se
885 4317 1006 4412 sistat.
1101 4315 1215 4406 Nam
1234 4316 1323 4426 quia
1350 4316 1411 4398 bis
1425 4319 1622 4422 occurrit,
1646 4315 1799 4402 necesse
1815 4316 1904 4422 est,
1928 4333 1971 4400 ut
2139 4301 2140 4318 Ν

714 4469 869 4554 magnae
892 4445 1058 4532 utilitatis
1074 4446 1330 4556 transtusque
1349 4445 1453 4530 adeo
1470 4443 1579 4555 cbysi
1596 4471 1668 4554 per
1684 4442 1805 4532 hosce
1825 4469 1970 4532 mean·

717 4577 817 4664 dros
853 4572 1153 4694 indispensabisss
1170 4573 1219 4662 sit
1234 4573 1468 4662 necessitatis
1500 4627 1514 4682 ,
1555 4575 1646 4662 alias
1664 4579 1701 4680 ,'
1726 4571 1965 4663 siunainsu-

1900 4699 1975 4792 bo.
